<?xml version="1.0" encoding="UTF-8"?>
<!DOCTYPE html PUBLIC "-//W3C//DTD XHTML 1.0 Transitional//EN"
    "http://www.w3.org/TR/xhtml1/DTD/xhtml1-transitional.dtd">
<html xmlns="http://www.w3.org/1999/xhtml" xml:lang="en" lang="en">
 <head>
  <title>
</title>
<meta http-equiv="Content-Type" content="text/html;charset=utf-8" />
  <meta name='ocr-system' content='tesseract 3.04.00' />
  <meta name='ocr-capabilities' content='ocr_page ocr_carea ocr_par ocr_line ocrx_word'/>
</head>
<body>
  <div class='ocr_page' id='page_1' title='image "./ioanniscalvinii02tholgoog/ioanniscalvinii02tholgoog_0763.png"; bbox 0 0 2596 4726; ppageno 0'>
   <div class='ocr_carea' id='block_1_1' title="bbox 140 198 886 275">
    <p class='ocr_par' dir='ltr' id='par_1_1' title="bbox 140 198 886 275">
     <span class='ocr_line' id='line_1_1' title="bbox 140 198 886 275; baseline -0.001 -12"><span class='ocrx_word' id='word_1_1' title='bbox 140 208 202 275; x_wconf 62' lang='lat' dir='ltr'>fl</span> <span class='ocrx_word' id='word_1_2' title='bbox 537 200 614 265; x_wconf 74' lang='lat' dir='ltr'>tat.</span> <span class='ocrx_word' id='word_1_3' title='bbox 635 200 688 261; x_wconf 67' lang='lat' dir='ltr'>lv.</span> <span class='ocrx_word' id='word_1_4' title='bbox 726 200 815 265; x_wconf 84' lang='lat' dir='ltr'>cte.</span> <span class='ocrx_word' id='word_1_5' title='bbox 835 198 886 263; x_wconf 68' lang='lat' dir='ltr'>ix.</span> 
     </span>
    </p>
   </div>
   <div class='ocr_carea' id='block_1_2' title="bbox 100 344 1264 4391">
    <p class='ocr_par' dir='ltr' id='par_1_2' title="bbox 100 344 1264 2266">
     <span class='ocr_line' id='line_1_2' title="bbox 143 344 1263 433; baseline -0.007 -18"><span class='ocrx_word' id='word_1_6' title='bbox 143 364 195 415; x_wconf 84' lang='lat' dir='ltr'>tur</span> <span class='ocrx_word' id='word_1_7' title='bbox 210 345 372 433; x_wconf 81' lang='lat' dir='ltr'>spiritnrles</span> <span class='ocrx_word' id='word_1_8' title='bbox 390 345 478 407; x_wconf 87' lang='lat' dir='ltr'>nohis</span> <span class='ocrx_word' id='word_1_9' title='bbox 496 346 751 423; x_wconf 86' lang='lat' dir='ltr'>eruntPrael&#39;ectl,</span> <span class='ocrx_word' id='word_1_10' title='bbox 789 347 818 407; x_wconf 89' lang='lat' dir='ltr'>ui</span> <span class='ocrx_word' id='word_1_11' title='bbox 838 345 947 427; x_wconf 73' lang='lat' dir='ltr'>abege</span> <span class='ocrx_word' id='word_1_12' title='bbox 954 344 1081 407; x_wconf 85' lang='lat' dir='ltr'>Domini</span> <span class='ocrx_word' id='word_1_13' title='bbox 1099 364 1198 427; x_wconf 79' lang='lat' dir='ltr'>neque</span> <span class='ocrx_word' id='word_1_14' title='bbox 1214 344 1263 407; x_wconf 86' lang='lat' dir='ltr'>bse</span> 
     </span>
     <span class='ocr_line' id='line_1_3' title="bbox 143 421 1264 508; baseline -0.007 -17"><span class='ocrx_word' id='word_1_15' title='bbox 143 446 241 508; x_wconf 87' lang='lat' dir='ltr'>neque</span> <span class='ocrx_word' id='word_1_16' title='bbox 260 426 329 485; x_wconf 83' lang='lat' dir='ltr'>illuc</span> <span class='ocrx_word' id='word_1_17' title='bbox 348 426 515 484; x_wconf 85' lang='lat' dir='ltr'>deflectent.</span> <span class='ocrx_word' id='word_1_18' title='bbox 529 462 569 475; x_wconf 94' lang='lat'>-</span> <span class='ocrx_word' id='word_1_19' title='bbox 599 424 715 499; x_wconf 88' lang='lat' dir='ltr'>Quodsi</span> <span class='ocrx_word' id='word_1_20' title='bbox 734 444 772 485; x_wconf 95' lang='grc' dir='ltr'>ιιι</span> <span class='ocrx_word' id='word_1_21' title='bbox 786 425 810 485; x_wconf 90' lang='grc' dir='ltr'>Ιι</span> <span class='ocrx_word' id='word_1_22' title='bbox 830 421 1025 485; x_wconf 82' lang='lat' dir='ltr'>haesitatione</span> <span class='ocrx_word' id='word_1_23' title='bbox 1040 424 1210 503; x_wconf 78' lang='lat' dir='ltr'>accipienda</span> <span class='ocrx_word' id='word_1_24' title='bbox 1226 434 1264 483; x_wconf 87' lang='lat' dir='ltr'>est</span> 
     </span>
     <span class='ocr_line' id='line_1_4' title="bbox 144 500 1262 586; baseline -0.005 -21"><span class='ocrx_word' id='word_1_25' title='bbox 144 502 313 586; x_wconf 82' lang='lat' dir='ltr'>quorumvis</span> <span class='ocrx_word' id='word_1_26' title='bbox 338 502 490 561; x_wconf 77' lang='lat' dir='ltr'>Pastorum</span> <span class='ocrx_word' id='word_1_27' title='bbox 519 500 667 574; x_wconf 86' lang='lat' dir='ltr'>doctrina,</span> <span class='ocrx_word' id='word_1_28' title='bbox 697 522 834 580; x_wconf 79' lang='lat' dir='ltr'>quorsum</span> <span class='ocrx_word' id='word_1_29' title='bbox 863 500 1007 561; x_wconf 73' lang='lat' dir='ltr'>attinebat</span> <span class='ocrx_word' id='word_1_30' title='bbox 1032 500 1124 559; x_wconf 90' lang='lat' dir='ltr'>toties</span> <span class='ocrx_word' id='word_1_31' title='bbox 1154 512 1262 579; x_wconf 71' lang='lat' dir='ltr'>tamque</span> 
     </span>
     <span class='ocr_line' id='line_1_5' title="bbox 145 576 1262 655; baseline -0.004 -13"><span class='ocrx_word' id='word_1_32' title='bbox 145 578 271 643; x_wconf 90' lang='lat' dir='ltr'>sollicite</span> <span class='ocrx_word' id='word_1_33' title='bbox 291 578 412 637; x_wconf 78' lang='lat' dir='ltr'>Domini</span> <span class='ocrx_word' id='word_1_34' title='bbox 432 596 506 635; x_wconf 86' lang='lat' dir='ltr'>voce</span> <span class='ocrx_word' id='word_1_35' title='bbox 526 597 580 637; x_wconf 90' lang='lat' dir='ltr'>nos</span> <span class='ocrx_word' id='word_1_36' title='bbox 599 578 764 651; x_wconf 87' lang='lat' dir='ltr'>admoneri,</span> <span class='ocrx_word' id='word_1_37' title='bbox 794 598 832 636; x_wconf 89' lang='lat' dir='ltr'>ne</span> <span class='ocrx_word' id='word_1_38' title='bbox 860 576 1186 655; x_wconf 73' lang='lat' dir='ltr'>psendoprophetae-nn</span> <span class='ocrx_word' id='word_1_39' title='bbox 1207 596 1262 637; x_wconf 85' lang='lat' dir='ltr'>ser·</span> 
     </span>
     <span class='ocr_line' id='line_1_6' title="bbox 145 652 1262 733; baseline -0.004 -18"><span class='ocrx_word' id='word_1_40' title='bbox 145 658 226 717; x_wconf 85' lang='lat' dir='ltr'>moni</span> <span class='ocrx_word' id='word_1_41' title='bbox 247 652 456 715; x_wconf 85' lang='lat' dir='ltr'>auscultemus?</span> <span class='ocrx_word' id='word_1_42' title='bbox 494 653 613 728; x_wconf 84' lang='lat' dir='ltr'>„Nolite</span> <span class='ocrx_word' id='word_1_43' title='bbox 632 654 743 731; x_wconf 89' lang='lat' dir='ltr'>(inquit</span> <span class='ocrx_word' id='word_1_44' title='bbox 763 672 815 733; x_wconf 90' lang='lat' dir='ltr'>per</span> <span class='ocrx_word' id='word_1_45' title='bbox 839 652 992 711; x_wconf 86' lang='lat' dir='ltr'>Ieremianr</span> <span class='ocrx_word' id='word_1_46' title='bbox 1010 656 1064 722; x_wconf 73' lang='lat'>23,</span> <span class='ocrx_word' id='word_1_47' title='bbox 1084 654 1149 729; x_wconf 62' lang='lat' dir='ltr'>th)</span> <span class='ocrx_word' id='word_1_48' title='bbox 1172 652 1262 711; x_wconf 85' lang='lat' dir='ltr'>andire</span> 
     </span>
     <span class='ocr_line' id='line_1_7' title="bbox 144 726 1261 809; baseline -0.005 -20"><span class='ocrx_word' id='word_1_49' title='bbox 144 732 256 809; x_wconf 83' lang='lat' dir='ltr'>„verba</span> <span class='ocrx_word' id='word_1_50' title='bbox 282 730 511 809; x_wconf 70' lang='lat' dir='ltr'>Prophetarum,</span> <span class='ocrx_word' id='word_1_51' title='bbox 536 730 585 808; x_wconf 90' lang='lat' dir='ltr'>qui</span> <span class='ocrx_word' id='word_1_52' title='bbox 607 729 782 809; x_wconf 87' lang='lat' dir='ltr'>prophetant</span> <span class='ocrx_word' id='word_1_53' title='bbox 805 728 903 789; x_wconf 84' lang='lat' dir='ltr'>vohis:</span> <span class='ocrx_word' id='word_1_54' title='bbox 932 726 1091 787; x_wconf 81' lang='lat' dir='ltr'>vastitatem</span> <span class='ocrx_word' id='word_1_55' title='bbox 1116 730 1194 789; x_wconf 87' lang='lat' dir='ltr'>enim</span> <span class='ocrx_word' id='word_1_56' title='bbox 1215 750 1261 785; x_wconf 90' lang='lat' dir='ltr'>ros</span> 
     </span>
     <span class='ocr_line' id='line_1_8' title="bbox 145 803 1261 885; baseline -0.004 -18"><span class='ocrx_word' id='word_1_57' title='bbox 145 810 292 885; x_wconf 91' lang='lat' dir='ltr'>„docent,</span> <span class='ocrx_word' id='word_1_58' title='bbox 312 814 342 865; x_wconf 85' lang='lat' dir='ltr'>&#39;et</span> <span class='ocrx_word' id='word_1_59' title='bbox 362 828 421 865; x_wconf 91' lang='lat' dir='ltr'>non</span> <span class='ocrx_word' id='word_1_60' title='bbox 442 826 474 863; x_wconf 87' lang='lat' dir='ltr'>ex</span> <span class='ocrx_word' id='word_1_61' title='bbox 494 824 547 863; x_wconf 92' lang='lat' dir='ltr'>ore</span> <span class='ocrx_word' id='word_1_62' title='bbox 566 805 718 863; x_wconf 83' lang='lat' dir='ltr'>Domini.“</span> <span class='ocrx_word' id='word_1_63' title='bbox 754 804 829 863; x_wconf 89' lang='lat' dir='ltr'>ltern</span> <span class='ocrx_word' id='word_1_64' title='bbox 849 803 969 882; x_wconf 83' lang='lat' dir='ltr'>(blattb.</span> <span class='ocrx_word' id='word_1_65' title='bbox 987 810 1017 877; x_wconf 80' lang='lat'>7,</span> <span class='ocrx_word' id='word_1_66' title='bbox 1038 807 1116 879; x_wconf 76' lang='grc' dir='ltr'>15.)ι</span> <span class='ocrx_word' id='word_1_67' title='bbox 1142 804 1261 877; x_wconf 67' lang='lat' dir='ltr'>„tis-m</span> 
     </span>
     <span class='ocr_line' id='line_1_9' title="bbox 144 880 1260 961; baseline -0.005 -18"><span class='ocrx_word' id='word_1_68' title='bbox 144 884 250 961; x_wconf 84' lang='lat' dir='ltr'>„vobis</span> <span class='ocrx_word' id='word_1_69' title='bbox 270 904 285 942; x_wconf 89' lang='lat' dir='ltr'>a</span> <span class='ocrx_word' id='word_1_70' title='bbox 307 882 382 942; x_wconf 82' lang='lat' dir='ltr'>salsis</span> <span class='ocrx_word' id='word_1_71' title='bbox 400 880 566 959; x_wconf 75' lang='lat' dir='ltr'>Prophetis,</span> <span class='ocrx_word' id='word_1_72' title='bbox 585 882 634 960; x_wconf 90' lang='lat' dir='ltr'>qui</span> <span class='ocrx_word' id='word_1_73' title='bbox 655 882 776 940; x_wconf 86' lang='lat' dir='ltr'>veniunt</span> <span class='ocrx_word' id='word_1_74' title='bbox 795 880 830 939; x_wconf 90' lang='lat' dir='ltr'>ad</span> <span class='ocrx_word' id='word_1_75' title='bbox 851 900 901 939; x_wconf 84' lang='lat' dir='ltr'>ros</span> <span class='ocrx_word' id='word_1_76' title='bbox 921 880 951 939; x_wconf 91' lang='lat' dir='ltr'>in</span> <span class='ocrx_word' id='word_1_77' title='bbox 971 880 1078 939; x_wconf 86' lang='lat' dir='ltr'>vestitu</span> <span class='ocrx_word' id='word_1_78' title='bbox 1099 880 1206 948; x_wconf 85' lang='lat' dir='ltr'>ovium,</span> <span class='ocrx_word' id='word_1_79' title='bbox 1222 880 1260 938; x_wconf 78' lang='lat' dir='ltr'>is·</span> 
     </span>
     <span class='ocr_line' id='line_1_10' title="bbox 145 954 1260 1037; baseline -0.006 -17"><span class='ocrx_word' id='word_1_80' title='bbox 145 962 310 1037; x_wconf 85' lang='lat' dir='ltr'>„trinsecus</span> <span class='ocrx_word' id='word_1_81' title='bbox 329 970 424 1018; x_wconf 86' lang='lat' dir='ltr'>sutem</span> <span class='ocrx_word' id='word_1_82' title='bbox 443 969 511 1014; x_wconf 92' lang='lat' dir='ltr'>sunt</span> <span class='ocrx_word' id='word_1_83' title='bbox 530 956 589 1035; x_wconf 90' lang='lat' dir='ltr'>lupi</span> <span class='ocrx_word' id='word_1_84' title='bbox 609 962 758 1035; x_wconf 82' lang='lat' dir='ltr'>rapaces.“</span> <span class='ocrx_word' id='word_1_85' title='bbox 796 958 912 1015; x_wconf 84' lang='lat' dir='ltr'>Frustra</span> <span class='ocrx_word' id='word_1_86' title='bbox 932 969 963 1016; x_wconf 91' lang='lat' dir='ltr'>et</span> <span class='ocrx_word' id='word_1_87' title='bbox 979 956 1112 1017; x_wconf 84' lang='lat' dir='ltr'>loannes</span> <span class='ocrx_word' id='word_1_88' title='bbox 1130 976 1183 1017; x_wconf 85' lang='lat' dir='ltr'>ssos</span> <span class='ocrx_word' id='word_1_89' title='bbox 1201 954 1260 1015; x_wconf 71' lang='lat' dir='ltr'>bor·</span> 
     </span>
     <span class='ocr_line' id='line_1_11' title="bbox 145 1030 1259 1113; baseline -0.005 -17"><span class='ocrx_word' id='word_1_90' title='bbox 145 1049 257 1096; x_wconf 80' lang='lat' dir='ltr'>taretin</span> <span class='ocrx_word' id='word_1_91' title='bbox 287 1046 319 1093; x_wconf 94' lang='lat' dir='ltr'>nt</span> <span class='ocrx_word' id='word_1_92' title='bbox 343 1033 499 1112; x_wconf 90' lang='lat' dir='ltr'>probemns</span> <span class='ocrx_word' id='word_1_93' title='bbox 518 1033 649 1113; x_wconf 85' lang='lat' dir='ltr'>spiritus,</span> <span class='ocrx_word' id='word_1_94' title='bbox 668 1032 806 1111; x_wconf 82' lang='lat' dir='ltr'>numquid</span> <span class='ocrx_word' id='word_1_95' title='bbox 827 1053 860 1091; x_wconf 84' lang='lat' dir='ltr'>ex</span> <span class='ocrx_word' id='word_1_96' title='bbox 881 1032 945 1091; x_wconf 84' lang='lat' dir='ltr'>Deo</span> <span class='ocrx_word' id='word_1_97' title='bbox 964 1032 1023 1091; x_wconf 87' lang='lat' dir='ltr'>siut</span> <span class='ocrx_word' id='word_1_98' title='bbox 1040 1030 1085 1109; x_wconf 86' lang='lat' dir='ltr'>(l.</span> <span class='ocrx_word' id='word_1_99' title='bbox 1106 1052 1153 1111; x_wconf 92' lang='lat' dir='ltr'>ep.</span> <span class='ocrx_word' id='word_1_100' title='bbox 1171 1038 1201 1105; x_wconf 75' lang='lat'>4,</span> <span class='ocrx_word' id='word_1_101' title='bbox 1216 1034 1259 1105; x_wconf 73' lang='lat'>1.)-</span> 
     </span>
     <span class='ocr_line' id='line_1_12' title="bbox 147 1105 1258 1188; baseline -0.007 -14"><span class='ocrx_word' id='word_1_102' title='bbox 147 1114 206 1175; x_wconf 82' lang='lat' dir='ltr'>cut</span> <span class='ocrx_word' id='word_1_103' title='bbox 226 1105 331 1169; x_wconf 65' lang='lat' dir='ltr'>{dicio</span> <span class='ocrx_word' id='word_1_104' title='bbox 352 1129 390 1167; x_wconf 90' lang='lat' dir='ltr'>ne</span> <span class='ocrx_word' id='word_1_105' title='bbox 410 1109 504 1187; x_wconf 84' lang='lat' dir='ltr'>angeli</span> <span class='ocrx_word' id='word_1_106' title='bbox 524 1109 640 1188; x_wconf 86' lang='lat' dir='ltr'>quidem</span> <span class='ocrx_word' id='word_1_107' title='bbox 665 1112 829 1168; x_wconf 79' lang='lat' dir='ltr'>eximuntur</span> <span class='ocrx_word' id='word_1_108' title='bbox 847 1106 929 1183; x_wconf 81' lang='lat' dir='ltr'>(Gal.</span> <span class='ocrx_word' id='word_1_109' title='bbox 954 1114 983 1178; x_wconf 82' lang='grc'>1,</span> <span class='ocrx_word' id='word_1_110' title='bbox 1001 1110 1063 1183; x_wconf 81' lang='grc'>8.),</span> <span class='ocrx_word' id='word_1_111' title='bbox 1090 1109 1198 1167; x_wconf 89' lang='lat' dir='ltr'>nedurn</span> <span class='ocrx_word' id='word_1_112' title='bbox 1214 1108 1258 1167; x_wconf 77' lang='lat' dir='ltr'>ba-</span> 
     </span>
     <span class='ocr_line' id='line_1_13' title="bbox 145 1182 1258 1261; baseline -0.004 -14"><span class='ocrx_word' id='word_1_113' title='bbox 145 1198 196 1249; x_wconf 87' lang='lat' dir='ltr'>tan</span> <span class='ocrx_word' id='word_1_114' title='bbox 217 1208 282 1245; x_wconf 91' lang='lat' dir='ltr'>eum</span> <span class='ocrx_word' id='word_1_115' title='bbox 302 1187 359 1243; x_wconf 90' lang='lat' dir='ltr'>snis</span> <span class='ocrx_word' id='word_1_116' title='bbox 378 1185 544 1244; x_wconf 80' lang='lat' dir='ltr'>mendaciis.</span> <span class='ocrx_word' id='word_1_117' title='bbox 595 1184 676 1259; x_wconf 81' lang='lat' dir='ltr'>Quid</span> <span class='ocrx_word' id='word_1_118' title='bbox 696 1196 790 1243; x_wconf 86' lang='lat' dir='ltr'>autem</span> <span class='ocrx_word' id='word_1_119' title='bbox 811 1185 885 1243; x_wconf 91' lang='lat' dir='ltr'>istud</span> <span class='ocrx_word' id='word_1_120' title='bbox 905 1183 1187 1261; x_wconf 79' lang='lat' dir='ltr'>(hlattb.1.&#39;s,td.)=</span> <span class='ocrx_word' id='word_1_121' title='bbox 1213 1182 1258 1257; x_wconf 78' lang='lat' dir='ltr'>,si</span> 
     </span>
     <span class='ocr_line' id='line_1_14' title="bbox 148 1258 1258 1337; baseline -0.005 -12"><span class='ocrx_word' id='word_1_122' title='bbox 148 1284 253 1325; x_wconf 86' lang='lat' dir='ltr'>eoeens</span> <span class='ocrx_word' id='word_1_123' title='bbox 263 1281 384 1321; x_wconf 89' lang='lat' dir='ltr'>coecum</span> <span class='ocrx_word' id='word_1_124' title='bbox 397 1262 492 1330; x_wconf 88' lang='lat' dir='ltr'>ducat,</span> <span class='ocrx_word' id='word_1_125' title='bbox 511 1260 597 1321; x_wconf 90' lang='lat' dir='ltr'>ambo</span> <span class='ocrx_word' id='word_1_126' title='bbox 609 1264 638 1319; x_wconf 90' lang='lat' dir='ltr'>in</span> <span class='ocrx_word' id='word_1_127' title='bbox 652 1260 764 1321; x_wconf 83' lang='lat' dir='ltr'>loreasn</span> <span class='ocrx_word' id='word_1_128' title='bbox 785 1260 929 1337; x_wconf 65' lang='lat' dir='ltr'>eadentif‘</span> <span class='ocrx_word' id='word_1_129' title='bbox 948 1280 1049 1319; x_wconf 84' lang='lat' dir='ltr'>annosa</span> <span class='ocrx_word' id='word_1_130' title='bbox 1063 1260 1133 1321; x_wconf 86' lang='lat' dir='ltr'>satis</span> <span class='ocrx_word' id='word_1_131' title='bbox 1144 1258 1258 1321; x_wconf 81' lang='lat' dir='ltr'>declarat</span> 
     </span>
     <span class='ocr_line' id='line_1_15' title="bbox 146 1336 1259 1417; baseline -0.004 -18"><span class='ocrx_word' id='word_1_132' title='bbox 146 1339 268 1399; x_wconf 88' lang='lat' dir='ltr'>multum</span> <span class='ocrx_word' id='word_1_133' title='bbox 290 1336 428 1395; x_wconf 90' lang='lat' dir='ltr'>interesse</span> <span class='ocrx_word' id='word_1_134' title='bbox 443 1336 539 1416; x_wconf 85' lang='lat' dir='ltr'>quales</span> <span class='ocrx_word' id='word_1_135' title='bbox 561 1349 689 1417; x_wconf 91' lang='lat' dir='ltr'>pastores</span> <span class='ocrx_word' id='word_1_136' title='bbox 708 1338 871 1410; x_wconf 83' lang='lat' dir='ltr'>audiantur,</span> <span class='ocrx_word' id='word_1_137' title='bbox 891 1336 945 1395; x_wconf 82' lang='lat' dir='ltr'>nee</span> <span class='ocrx_word' id='word_1_138' title='bbox 965 1347 1079 1395; x_wconf 83' lang='lat' dir='ltr'>temere</span> <span class='ocrx_word' id='word_1_139' title='bbox 1099 1356 1201 1397; x_wconf 76' lang='lat' dir='ltr'>onnes</span> <span class='ocrx_word' id='word_1_140' title='bbox 1216 1356 1259 1395; x_wconf 84' lang='grc' dir='ltr'>ιι·</span> 
     </span>
     <span class='ocr_line' id='line_1_16' title="bbox 147 1410 1257 1493; baseline -0.004 -18"><span class='ocrx_word' id='word_1_141' title='bbox 147 1414 306 1475; x_wconf 78' lang='lat' dir='ltr'>diendos&#39;t‘.</span> <span class='ocrx_word' id='word_1_142' title='bbox 327 1414 426 1487; x_wconf 83' lang='lat' dir='ltr'>Quare</span> <span class='ocrx_word' id='word_1_143' title='bbox 447 1434 506 1471; x_wconf 89' lang='lat' dir='ltr'>non</span> <span class='ocrx_word' id='word_1_144' title='bbox 527 1424 570 1473; x_wconf 89' lang='lat' dir='ltr'>est</span> <span class='ocrx_word' id='word_1_145' title='bbox 589 1413 666 1492; x_wconf 92' lang='lat' dir='ltr'>quod</span> <span class='ocrx_word' id='word_1_146' title='bbox 686 1412 743 1471; x_wconf 88' lang='lat' dir='ltr'>suis</span> <span class='ocrx_word' id='word_1_147' title='bbox 764 1434 817 1472; x_wconf 89' lang='lat' dir='ltr'>nos</span> <span class='ocrx_word' id='word_1_148' title='bbox 836 1412 928 1473; x_wconf 92' lang='lat' dir='ltr'>titulis</span> <span class='ocrx_word' id='word_1_149' title='bbox 946 1412 1141 1485; x_wconf 73' lang='lat' dir='ltr'>absterreant,</span> <span class='ocrx_word' id='word_1_150' title='bbox 1158 1410 1257 1493; x_wconf 76' lang='lat' dir='ltr'>quoin</span> 
     </span>
     <span class='ocr_line' id='line_1_17' title="bbox 145 1488 1258 1621; baseline -0.001 -72"><span class='ocrx_word' id='word_1_151' title='bbox 145 1490 400 1572; x_wconf 79' lang='lat' dir='ltr'>participationem</span> <span class='ocrx_word' id='word_1_152' title='bbox 420 1489 536 1548; x_wconf 87' lang='lat' dir='ltr'>trahant</span> <span class='ocrx_word' id='word_1_153' title='bbox 553 1510 619 1548; x_wconf 90' lang='lat' dir='ltr'>suae</span> <span class='ocrx_word' id='word_1_154' title='bbox 640 1490 804 1547; x_wconf 81' lang='lat' dir='ltr'>coecitatis:</span> <span class='ocrx_word' id='word_1_155' title='bbox 823 1490 1069 1621; x_wconf 71' lang='lat' dir='ltr'>psumvtdnmns</span> <span class='ocrx_word' id='word_1_156' title='bbox 1088 1500 1191 1547; x_wconf 87' lang='lat' dir='ltr'>eontra</span> <span class='ocrx_word' id='word_1_157' title='bbox 1208 1488 1258 1547; x_wconf 86' lang='lat' dir='ltr'>sitt-</span> 
     </span>
     <span class='ocr_line' id='line_1_18' title="bbox 146 1560 1258 1649; baseline -0.003 -24"><span class='ocrx_word' id='word_1_158' title='bbox 146 1566 276 1649; x_wconf 84' lang='lat' dir='ltr'>gularem</span> <span class='ocrx_word' id='word_1_159' title='bbox 296 1566 427 1625; x_wconf 83' lang='lat' dir='ltr'>Domino</span> <span class='ocrx_word' id='word_1_160' title='bbox 448 1587 543 1624; x_wconf 73' lang='lat' dir='ltr'>curram</span> <span class='ocrx_word' id='word_1_161' title='bbox 566 1566 651 1625; x_wconf 77' lang='lat' dir='ltr'>fnisse</span> <span class='ocrx_word' id='word_1_162' title='bbox 670 1566 819 1623; x_wconf 86' lang='lat' dir='ltr'>absterren</span> <span class='ocrx_word' id='word_1_163' title='bbox 841 1566 867 1637; x_wconf 92' lang='lat' dir='ltr'>i,</span> <span class='ocrx_word' id='word_1_164' title='bbox 891 1586 928 1623; x_wconf 89' lang='lat' dir='ltr'>ne</span> <span class='ocrx_word' id='word_1_165' title='bbox 951 1563 1050 1623; x_wconf 86' lang='lat' dir='ltr'>alieno</span> <span class='ocrx_word' id='word_1_166' title='bbox 1077 1584 1180 1625; x_wconf 91' lang='lat' dir='ltr'>errore</span> <span class='ocrx_word' id='word_1_167' title='bbox 1201 1560 1258 1623; x_wconf 81' lang='lat' dir='ltr'>duci</span> 
     </span>
     <span class='ocr_line' id='line_1_19' title="bbox 146 1639 1257 1721; baseline -0.005 -18"><span class='ocrx_word' id='word_1_168' title='bbox 146 1664 202 1703; x_wconf 91' lang='lat' dir='ltr'>nos</span> <span class='ocrx_word' id='word_1_169' title='bbox 222 1654 397 1720; x_wconf 89' lang='lat' dir='ltr'>pateremur,</span> <span class='ocrx_word' id='word_1_170' title='bbox 416 1642 469 1700; x_wconf 88' lang='lat' dir='ltr'>snb</span> <span class='ocrx_word' id='word_1_171' title='bbox 485 1662 656 1721; x_wconf 86' lang='lat' dir='ltr'>quacunque</span> <span class='ocrx_word' id='word_1_172' title='bbox 667 1642 791 1700; x_wconf 88' lang='lat' dir='ltr'>nominis</span> <span class='ocrx_word' id='word_1_173' title='bbox 811 1640 887 1699; x_wconf 86' lang='lat' dir='ltr'>larva</span> <span class='ocrx_word' id='word_1_174' title='bbox 907 1642 1004 1699; x_wconf 84' lang='lat' dir='ltr'>lateat.</span> <span class='ocrx_word' id='word_1_175' title='bbox 1042 1640 1117 1699; x_wconf 84' lang='lat' dir='ltr'>Nara</span> <span class='ocrx_word' id='word_1_176' title='bbox 1136 1639 1257 1699; x_wconf 77' lang='lat' dir='ltr'>siveram</span> 
     </span>
     <span class='ocr_line' id='line_1_20' title="bbox 100 1714 1258 1797; baseline -0.006 -19"><span class='ocrx_word' id='word_1_177' title='bbox 100 1778 111 1791; x_wconf 65' lang='grc'>,</span> <span class='ocrx_word' id='word_1_178' title='bbox 148 1731 192 1778; x_wconf 90' lang='lat' dir='ltr'>est</span> <span class='ocrx_word' id='word_1_179' title='bbox 212 1718 320 1779; x_wconf 79' lang='lat' dir='ltr'>Christi</span> <span class='ocrx_word' id='word_1_180' title='bbox 348 1738 533 1797; x_wconf 86' lang='lat' dir='ltr'>responsum,</span> <span class='ocrx_word' id='word_1_181' title='bbox 565 1718 647 1777; x_wconf 88' lang='lat' dir='ltr'>coeci</span> <span class='ocrx_word' id='word_1_182' title='bbox 672 1718 779 1797; x_wconf 85' lang='lat' dir='ltr'>quique</span> <span class='ocrx_word' id='word_1_183' title='bbox 803 1718 907 1789; x_wconf 76' lang='lat' dir='ltr'>duces,</span> <span class='ocrx_word' id='word_1_184' title='bbox 936 1718 996 1775; x_wconf 87' lang='lat' dir='ltr'>sive</span> <span class='ocrx_word' id='word_1_185' title='bbox 1017 1714 1188 1789; x_wconf 75' lang='lat' dir='ltr'>Antistites,</span> <span class='ocrx_word' id='word_1_186' title='bbox 1207 1715 1258 1773; x_wconf 86' lang='lat' dir='ltr'>sise</span> 
     </span>
     <span class='ocr_line' id='line_1_21' title="bbox 145 1792 1258 1871; baseline -0.005 -16"><span class='ocrx_word' id='word_1_187' title='bbox 145 1794 312 1866; x_wconf 86' lang='lat' dir='ltr'>Praesnles,</span> <span class='ocrx_word' id='word_1_188' title='bbox 332 1794 392 1851; x_wconf 83' lang='lat' dir='ltr'>sive</span> <span class='ocrx_word' id='word_1_189' title='bbox 411 1794 567 1854; x_wconf 84' lang='lat' dir='ltr'>Pontifices</span> <span class='ocrx_word' id='word_1_190' title='bbox 587 1794 734 1865; x_wconf 89' lang='lat' dir='ltr'>dicantur,</span> <span class='ocrx_word' id='word_1_191' title='bbox 761 1792 833 1851; x_wconf 91' lang='lat' dir='ltr'>nihil</span> <span class='ocrx_word' id='word_1_192' title='bbox 858 1803 980 1871; x_wconf 78' lang='lat' dir='ltr'>possunt</span> <span class='ocrx_word' id='word_1_193' title='bbox 998 1810 1086 1869; x_wconf 85' lang='lat' dir='ltr'>quam</span> <span class='ocrx_word' id='word_1_194' title='bbox 1111 1812 1179 1852; x_wconf 88' lang='lat' dir='ltr'>suns</span> <span class='ocrx_word' id='word_1_195' title='bbox 1196 1812 1258 1851; x_wconf 89' lang='lat' dir='ltr'>con·</span> 
     </span>
     <span class='ocr_line' id='line_1_22' title="bbox 147 1866 1259 1949; baseline -0.005 -18"><span class='ocrx_word' id='word_1_196' title='bbox 147 1884 241 1931; x_wconf 84' lang='lat' dir='ltr'>sortes</span> <span class='ocrx_word' id='word_1_197' title='bbox 266 1872 295 1928; x_wconf 92' lang='lat' dir='ltr'>in</span> <span class='ocrx_word' id='word_1_198' title='bbox 328 1870 405 1928; x_wconf 87' lang='lat' dir='ltr'>idem</span> <span class='ocrx_word' id='word_1_199' title='bbox 434 1890 536 1949; x_wconf 85' lang='lat' dir='ltr'>rapere</span> <span class='ocrx_word' id='word_1_200' title='bbox 566 1869 775 1948; x_wconf 84' lang='lat' dir='ltr'>praecipitium.</span> <span class='ocrx_word' id='word_1_201' title='bbox 826 1870 928 1942; x_wconf 74' lang='lat' dir='ltr'>Quane</span> <span class='ocrx_word' id='word_1_202' title='bbox 951 1867 1030 1926; x_wconf 87' lang='lat' dir='ltr'>nulls</span> <span class='ocrx_word' id='word_1_203' title='bbox 1055 1866 1259 1939; x_wconf 79' lang='lat' dir='ltr'>Conciliorun,</span> 
     </span>
     <span class='ocr_line' id='line_1_23' title="bbox 146 1944 1258 2026; baseline -0.005 -19"><span class='ocrx_word' id='word_1_204' title='bbox 146 1948 311 2015; x_wconf 86' lang='lat' dir='ltr'>Pastorum,</span> <span class='ocrx_word' id='word_1_205' title='bbox 330 1946 544 2026; x_wconf 83' lang='lat' dir='ltr'>Episcoporum</span> <span class='ocrx_word' id='word_1_206' title='bbox 564 1947 682 2004; x_wconf 89' lang='lat' dir='ltr'>nomina</span> <span class='ocrx_word' id='word_1_207' title='bbox 701 1948 790 2023; x_wconf 83' lang='lat' dir='ltr'>(quae</span> <span class='ocrx_word' id='word_1_208' title='bbox 811 1956 868 2004; x_wconf 89' lang='lat' dir='ltr'>tam</span> <span class='ocrx_word' id='word_1_209' title='bbox 889 1944 960 2004; x_wconf 82' lang='lat' dir='ltr'>falso</span> <span class='ocrx_word' id='word_1_210' title='bbox 970 1944 1094 2003; x_wconf 88' lang='lat' dir='ltr'>obtendi</span> <span class='ocrx_word' id='word_1_211' title='bbox 1106 1958 1258 2023; x_wconf 75' lang='lat' dir='ltr'>quassavere</span> 
     </span>
     <span class='ocr_line' id='line_1_24' title="bbox 147 2020 1256 2103; baseline -0.006 -21"><span class='ocrx_word' id='word_1_212' title='bbox 147 2023 278 2103; x_wconf 83' lang='lat' dir='ltr'>usurpari</span> <span class='ocrx_word' id='word_1_213' title='bbox 300 2028 431 2101; x_wconf 76' lang='lat' dir='ltr'>possunt)</span> <span class='ocrx_word' id='word_1_214' title='bbox 453 2045 506 2082; x_wconf 90' lang='lat' dir='ltr'>nos</span> <span class='ocrx_word' id='word_1_215' title='bbox 527 2022 700 2100; x_wconf 88' lang='lat' dir='ltr'>impediant,</span> <span class='ocrx_word' id='word_1_216' title='bbox 719 2023 873 2101; x_wconf 84' lang='lat' dir='ltr'>quominus</span> <span class='ocrx_word' id='word_1_217' title='bbox 898 2033 927 2080; x_wconf 90' lang='lat' dir='ltr'>et</span> <span class='ocrx_word' id='word_1_218' title='bbox 944 2020 1103 2079; x_wconf 82' lang='lat' dir='ltr'>verborum</span> <span class='ocrx_word' id='word_1_219' title='bbox 1124 2032 1154 2079; x_wconf 91' lang='lat' dir='ltr'>et</span> <span class='ocrx_word' id='word_1_220' title='bbox 1172 2038 1256 2079; x_wconf 85' lang='lat' dir='ltr'>rerunt</span> 
     </span>
     <span class='ocr_line' id='line_1_25' title="bbox 147 2094 1256 2179; baseline -0.004 -20"><span class='ocrx_word' id='word_1_221' title='bbox 147 2100 330 2159; x_wconf 86' lang='lat' dir='ltr'>documentis</span> <span class='ocrx_word' id='word_1_222' title='bbox 349 2100 464 2169; x_wconf 91' lang='lat' dir='ltr'>moniti,</span> <span class='ocrx_word' id='word_1_223' title='bbox 484 2120 585 2158; x_wconf 91' lang='lat' dir='ltr'>omnes</span> <span class='ocrx_word' id='word_1_224' title='bbox 605 2099 733 2157; x_wconf 92' lang='lat' dir='ltr'>omnium</span> <span class='ocrx_word' id='word_1_225' title='bbox 753 2098 870 2175; x_wconf 87' lang='lat' dir='ltr'>spiritns</span> <span class='ocrx_word' id='word_1_226' title='bbox 889 2098 924 2157; x_wconf 88' lang='lat' dir='ltr'>ad</span> <span class='ocrx_word' id='word_1_227' title='bbox 938 2096 1027 2155; x_wconf 79' lang='lat' dir='ltr'>divini</span> <span class='ocrx_word' id='word_1_228' title='bbox 1039 2096 1123 2155; x_wconf 83' lang='lat' dir='ltr'>verbi</span> <span class='ocrx_word' id='word_1_229' title='bbox 1141 2094 1256 2179; x_wconf 74' lang='lat' dir='ltr'>reguiam</span> 
     </span>
     <span class='ocr_line' id='line_1_26' title="bbox 147 2174 869 2266; baseline -0.006 -31"><span class='ocrx_word' id='word_1_230' title='bbox 147 2176 302 2257; x_wconf 83' lang='lat' dir='ltr'>erigamus,</span> <span class='ocrx_word' id='word_1_231' title='bbox 321 2194 379 2251; x_wconf 83' lang='lat' dir='ltr'>qtro</span> <span class='ocrx_word' id='word_1_232' title='bbox 401 2175 557 2266; x_wconf 89' lang='lat' dir='ltr'>probemns</span> <span class='ocrx_word' id='word_1_233' title='bbox 577 2196 644 2232; x_wconf 91' lang='grc' dir='ltr'>ιιιιιιι</span> <span class='ocrx_word' id='word_1_234' title='bbox 666 2194 698 2233; x_wconf 77' lang='lat' dir='ltr'>ex</span> <span class='ocrx_word' id='word_1_235' title='bbox 718 2174 782 2233; x_wconf 86' lang='lat' dir='ltr'>Deo</span> <span class='ocrx_word' id='word_1_236' title='bbox 803 2176 869 2233; x_wconf 82' lang='lat' dir='ltr'>sint.</span> 
     </span>
    </p>

    <p class='ocr_par' dir='ltr' id='par_1_3' title="bbox 143 2246 1258 4391">
     <span class='ocr_line' id='line_1_27' title="bbox 222 2246 1256 2329; baseline 0.001 -23"><span class='ocrx_word' id='word_1_237' title='bbox 222 2256 268 2315; x_wconf 81' lang='lat'>13.</span> <span class='ocrx_word' id='word_1_238' title='bbox 310 2250 457 2323; x_wconf 75' lang='lat' dir='ltr'>Quoniam</span> <span class='ocrx_word' id='word_1_239' title='bbox 479 2251 664 2329; x_wconf 82' lang='lat' dir='ltr'>probavimus</span> <span class='ocrx_word' id='word_1_240' title='bbox 690 2270 837 2309; x_wconf 87' lang='lat' dir='ltr'>non-esse</span> <span class='ocrx_word' id='word_1_241' title='bbox 863 2249 957 2307; x_wconf 90' lang='lat' dir='ltr'>datam</span> <span class='ocrx_word' id='word_1_242' title='bbox 984 2246 1124 2309; x_wconf 86' lang='lat' dir='ltr'>ecclesiae</span> <span class='ocrx_word' id='word_1_243' title='bbox 1143 2256 1256 2328; x_wconf 83' lang='lat' dir='ltr'>potesta·</span> 
     </span>
     <span class='ocr_line' id='line_1_28' title="bbox 146 2324 1254 2406; baseline -0.005 -18"><span class='ocrx_word' id='word_1_244' title='bbox 146 2340 207 2388; x_wconf 82' lang='lat' dir='ltr'>tem</span> <span class='ocrx_word' id='word_1_245' title='bbox 227 2326 384 2405; x_wconf 79' lang='lat' dir='ltr'>erigendae</span> <span class='ocrx_word' id='word_1_246' title='bbox 410 2346 505 2385; x_wconf 74' lang='lat' dir='ltr'>saonae</span> <span class='ocrx_word' id='word_1_247' title='bbox 525 2328 690 2400; x_wconf 88' lang='lat' dir='ltr'>doctrinae,</span> <span class='ocrx_word' id='word_1_248' title='bbox 716 2325 840 2385; x_wconf 88' lang='lat' dir='ltr'>dieamus</span> <span class='ocrx_word' id='word_1_249' title='bbox 866 2346 943 2387; x_wconf 85' lang='lat' dir='ltr'>nunc</span> <span class='ocrx_word' id='word_1_250' title='bbox 963 2324 998 2385; x_wconf 89' lang='lat' dir='ltr'>de</span> <span class='ocrx_word' id='word_1_251' title='bbox 1019 2336 1169 2406; x_wconf 84' lang='lat' dir='ltr'>potestate</span> <span class='ocrx_word' id='word_1_252' title='bbox 1184 2342 1254 2403; x_wconf 71' lang='lat' dir='ltr'>qna!</span> 
     </span>
     <span class='ocr_line' id='line_1_29' title="bbox 145 2400 1255 2481; baseline -0.005 -18"><span class='ocrx_word' id='word_1_253' title='bbox 145 2403 190 2463; x_wconf 87' lang='lat' dir='ltr'>illi</span> <span class='ocrx_word' id='word_1_254' title='bbox 221 2402 355 2461; x_wconf 88' lang='lat' dir='ltr'>tribuunt</span> <span class='ocrx_word' id='word_1_255' title='bbox 385 2403 415 2461; x_wconf 92' lang='lat' dir='ltr'>in</span> <span class='ocrx_word' id='word_1_256' title='bbox 441 2402 610 2462; x_wconf 79' lang='lat' dir='ltr'>scriturae</span> <span class='ocrx_word' id='word_1_257' title='bbox 640 2402 894 2481; x_wconf 86' lang='lat' dir='ltr'>interpretatione.</span> <span class='ocrx_word' id='word_1_258' title='bbox 944 2400 1006 2461; x_wconf 86' lang='lat' dir='ltr'>Nos</span> <span class='ocrx_word' id='word_1_259' title='bbox 1036 2415 1120 2462; x_wconf 87' lang='lat' dir='ltr'>certe</span> <span class='ocrx_word' id='word_1_260' title='bbox 1143 2400 1255 2461; x_wconf 83' lang='lat' dir='ltr'>libenter</span> 
     </span>
     <span class='ocr_line' id='line_1_30' title="bbox 146 2425 1255 2557; baseline -0.004 -18"><span class='ocrx_word' id='word_1_261' title='bbox 146 2478 350 2549; x_wconf 72' lang='lat' dir='ltr'>concedimus,</span> <span class='ocrx_word' id='word_1_262' title='bbox 380 2478 483 2556; x_wconf 90' lang='lat' dir='ltr'>siquo</span> <span class='ocrx_word' id='word_1_263' title='bbox 505 2425 541 2537; x_wconf 74' lang='lat' dir='ltr'>ie</span> <span class='ocrx_word' id='word_1_264' title='bbox 566 2481 701 2557; x_wconf 76' lang='lat' dir='ltr'>dogmate</span> <span class='ocrx_word' id='word_1_265' title='bbox 727 2479 834 2537; x_wconf 88' lang='lat' dir='ltr'>incidat</span> <span class='ocrx_word' id='word_1_266' title='bbox 854 2478 1039 2556; x_wconf 85' lang='lat' dir='ltr'>disceptatio,</span> <span class='ocrx_word' id='word_1_267' title='bbox 1069 2476 1182 2537; x_wconf 85' lang='lat' dir='ltr'>nullum</span> <span class='ocrx_word' id='word_1_268' title='bbox 1205 2490 1255 2535; x_wconf 77' lang='lat' dir='ltr'>esst</span> 
     </span>
     <span class='ocr_line' id='line_1_31' title="bbox 147 2552 1254 2633; baseline -0.007 -18"><span class='ocrx_word' id='word_1_269' title='bbox 147 2576 202 2615; x_wconf 88' lang='lat' dir='ltr'>nec</span> <span class='ocrx_word' id='word_1_270' title='bbox 223 2553 323 2611; x_wconf 87' lang='lat' dir='ltr'>melius</span> <span class='ocrx_word' id='word_1_271' title='bbox 344 2574 398 2613; x_wconf 88' lang='lat' dir='ltr'>nec</span> <span class='ocrx_word' id='word_1_272' title='bbox 424 2552 530 2612; x_wconf 86' lang='lat' dir='ltr'>certius</span> <span class='ocrx_word' id='word_1_273' title='bbox 556 2554 728 2612; x_wconf 88' lang='lat' dir='ltr'>remedium:</span> <span class='ocrx_word' id='word_1_274' title='bbox 755 2576 838 2631; x_wconf 89' lang='lat' dir='ltr'>quam</span> <span class='ocrx_word' id='word_1_275' title='bbox 859 2555 882 2613; x_wconf 89' lang='lat' dir='ltr'>si</span> <span class='ocrx_word' id='word_1_276' title='bbox 906 2574 1039 2613; x_wconf 87' lang='lat' dir='ltr'>verorum</span> <span class='ocrx_word' id='word_1_277' title='bbox 1065 2556 1254 2633; x_wconf 79' lang='lat' dir='ltr'>episcoporum</span> 
     </span>
     <span class='ocr_line' id='line_1_32' title="bbox 147 2628 1252 2711; baseline -0.008 -19"><span class='ocrx_word' id='word_1_278' title='bbox 147 2631 273 2711; x_wconf 84' lang='lat' dir='ltr'>synodus</span> <span class='ocrx_word' id='word_1_279' title='bbox 305 2629 476 2703; x_wconf 86' lang='lat' dir='ltr'>conveniat,</span> <span class='ocrx_word' id='word_1_280' title='bbox 508 2630 557 2689; x_wconf 84' lang='grc' dir='ltr'>ιιΙιῐ</span> <span class='ocrx_word' id='word_1_281' title='bbox 588 2641 808 2688; x_wconf 85' lang='lat' dir='ltr'>controversum</span> <span class='ocrx_word' id='word_1_282' title='bbox 836 2632 939 2706; x_wconf 81' lang='lat' dir='ltr'>dogma</span> <span class='ocrx_word' id='word_1_283' title='bbox 964 2631 1136 2691; x_wconf 84' lang='lat' dir='ltr'>excutiatur.</span> <span class='ocrx_word' id='word_1_284' title='bbox 1175 2628 1252 2687; x_wconf 87' lang='lat' dir='ltr'>hlulto</span> 
     </span>
     <span class='ocr_line' id='line_1_33' title="bbox 147 2704 1252 2787; baseline -0.008 -19"><span class='ocrx_word' id='word_1_285' title='bbox 147 2710 225 2768; x_wconf 90' lang='lat' dir='ltr'>enim</span> <span class='ocrx_word' id='word_1_286' title='bbox 247 2705 310 2785; x_wconf 92' lang='lat' dir='ltr'>plus</span> <span class='ocrx_word' id='word_1_287' title='bbox 332 2706 469 2787; x_wconf 91' lang='lat' dir='ltr'>ponderis</span> <span class='ocrx_word' id='word_1_288' title='bbox 489 2706 607 2765; x_wconf 87' lang='lat' dir='ltr'>habebit</span> <span class='ocrx_word' id='word_1_289' title='bbox 627 2707 767 2766; x_wconf 87' lang='lat' dir='ltr'>eiusmodi</span> <span class='ocrx_word' id='word_1_290' title='bbox 789 2707 930 2779; x_wconf 86' lang='lat' dir='ltr'>definitio,</span> <span class='ocrx_word' id='word_1_291' title='bbox 949 2709 979 2767; x_wconf 90' lang='lat' dir='ltr'>in</span> <span class='ocrx_word' id='word_1_292' title='bbox 1000 2728 1085 2786; x_wconf 87' lang='lat' dir='ltr'>quam</span> <span class='ocrx_word' id='word_1_293' title='bbox 1107 2704 1252 2767; x_wconf 87' lang='lat' dir='ltr'>eommuni-</span> 
     </span>
     <span class='ocr_line' id='line_1_34' title="bbox 146 2780 1253 2862; baseline -0.005 -18"><span class='ocrx_word' id='word_1_294' title='bbox 146 2797 193 2845; x_wconf 87' lang='lat' dir='ltr'>ter</span> <span class='ocrx_word' id='word_1_295' title='bbox 224 2782 407 2843; x_wconf 87' lang='lat' dir='ltr'>eeclesiarum</span> <span class='ocrx_word' id='word_1_296' title='bbox 428 2783 582 2856; x_wconf 88' lang='lat' dir='ltr'>Pastores,</span> <span class='ocrx_word' id='word_1_297' title='bbox 612 2783 744 2842; x_wconf 86' lang='lat' dir='ltr'>invocato</span> <span class='ocrx_word' id='word_1_298' title='bbox 767 2783 875 2842; x_wconf 85' lang='lat' dir='ltr'>Christi</span> <span class='ocrx_word' id='word_1_299' title='bbox 900 2784 1026 2862; x_wconf 85' lang='lat' dir='ltr'>Spiritu,</span> <span class='ocrx_word' id='word_1_300' title='bbox 1057 2780 1253 2845; x_wconf 75' lang='lat' dir='ltr'>connmedn.</span> 
     </span>
     <span class='ocr_line' id='line_1_35' title="bbox 147 2851 1252 2942; baseline -0.006 -22"><span class='ocrx_word' id='word_1_301' title='bbox 147 2882 233 2942; x_wconf 86' lang='lat' dir='ltr'>quam</span> <span class='ocrx_word' id='word_1_302' title='bbox 260 2862 283 2919; x_wconf 90' lang='lat' dir='ltr'>si</span> <span class='ocrx_word' id='word_1_303' title='bbox 307 2861 428 2939; x_wconf 89' lang='lat' dir='ltr'>quisque</span> <span class='ocrx_word' id='word_1_304' title='bbox 457 2881 587 2920; x_wconf 86' lang='lat' dir='ltr'>seorsum</span> <span class='ocrx_word' id='word_1_305' title='bbox 613 2860 692 2917; x_wconf 90' lang='lat' dir='ltr'>domi</span> <span class='ocrx_word' id='word_1_306' title='bbox 724 2872 893 2939; x_wconf 86' lang='lat' dir='ltr'>conceptam</span> <span class='ocrx_word' id='word_1_307' title='bbox 927 2859 1037 2939; x_wconf 88' lang='lat' dir='ltr'>populo</span> <span class='ocrx_word' id='word_1_308' title='bbox 1065 2860 1195 2919; x_wconf 82' lang='lat' dir='ltr'>traderet</span> <span class='ocrx_word' id='word_1_309' title='bbox 1218 2851 1252 2913; x_wconf 82' lang='lat' dir='ltr'>sel</span> 
     </span>
     <span class='ocr_line' id='line_1_36' title="bbox 146 2930 1251 3018; baseline -0.007 -21"><span class='ocrx_word' id='word_1_310' title='bbox 146 2936 230 3018; x_wconf 89' lang='lat' dir='ltr'>pauci</span> <span class='ocrx_word' id='word_1_311' title='bbox 251 2936 383 2997; x_wconf 88' lang='lat' dir='ltr'>homines</span> <span class='ocrx_word' id='word_1_312' title='bbox 402 2937 531 3015; x_wconf 86' lang='lat' dir='ltr'>privatim</span> <span class='ocrx_word' id='word_1_313' title='bbox 558 2957 619 2995; x_wconf 89' lang='lat' dir='ltr'>eam</span> <span class='ocrx_word' id='word_1_314' title='bbox 646 2936 833 2995; x_wconf 75' lang='lat' dir='ltr'>conficerent.</span> <span class='ocrx_word' id='word_1_315' title='bbox 882 2936 997 2995; x_wconf 84' lang='lat' dir='ltr'>Deinde</span> <span class='ocrx_word' id='word_1_316' title='bbox 1022 2933 1074 2994; x_wconf 90' lang='lat' dir='ltr'>ubi</span> <span class='ocrx_word' id='word_1_317' title='bbox 1098 2930 1251 2995; x_wconf 80' lang='lat' dir='ltr'>eollestiin</span> 
     </span>
     <span class='ocr_line' id='line_1_37' title="bbox 146 3004 1253 3093; baseline -0.005 -21"><span class='ocrx_word' id='word_1_318' title='bbox 146 3035 237 3072; x_wconf 90' lang='lat' dir='ltr'>unum</span> <span class='ocrx_word' id='word_1_319' title='bbox 257 3026 326 3072; x_wconf 89' lang='lat' dir='ltr'>sunt</span> <span class='ocrx_word' id='word_1_320' title='bbox 345 3014 483 3091; x_wconf 86' lang='lat' dir='ltr'>episcopi,</span> <span class='ocrx_word' id='word_1_321' title='bbox 504 3012 682 3072; x_wconf 83' lang='lat' dir='ltr'>commodius</span> <span class='ocrx_word' id='word_1_322' title='bbox 703 3014 902 3071; x_wconf 87' lang='lat' dir='ltr'>incommune</span> <span class='ocrx_word' id='word_1_323' title='bbox 922 3013 1097 3085; x_wconf 85' lang='lat' dir='ltr'>deliberant,</span> <span class='ocrx_word' id='word_1_324' title='bbox 1117 3008 1185 3093; x_wconf 86' lang='lat' dir='ltr'>quid</span> <span class='ocrx_word' id='word_1_325' title='bbox 1201 3004 1253 3077; x_wconf 82' lang='lat' dir='ltr'>sibi,</span> 
     </span>
     <span class='ocr_line' id='line_1_38' title="bbox 147 3084 1253 3167; baseline -0.003 -21"><span class='ocrx_word' id='word_1_326' title='bbox 147 3101 179 3148; x_wconf 91' lang='lat' dir='ltr'>et</span> <span class='ocrx_word' id='word_1_327' title='bbox 203 3110 257 3167; x_wconf 90' lang='lat' dir='ltr'>qna</span> <span class='ocrx_word' id='word_1_328' title='bbox 287 3088 380 3148; x_wconf 82' lang='lat' dir='ltr'>forma</span> <span class='ocrx_word' id='word_1_329' title='bbox 407 3088 569 3146; x_wconf 88' lang='lat' dir='ltr'>docendum</span> <span class='ocrx_word' id='word_1_330' title='bbox 601 3090 652 3157; x_wconf 89' lang='lat' dir='ltr'>sit,</span> <span class='ocrx_word' id='word_1_331' title='bbox 682 3108 719 3145; x_wconf 92' lang='lat' dir='ltr'>ne</span> <span class='ocrx_word' id='word_1_332' title='bbox 749 3088 894 3148; x_wconf 83' lang='lat' dir='ltr'>diversitas</span> <span class='ocrx_word' id='word_1_333' title='bbox 926 3086 1138 3147; x_wconf 76' lang='lat' dir='ltr'>offendiculum</span> <span class='ocrx_word' id='word_1_334' title='bbox 1170 3084 1253 3167; x_wconf 84' lang='lat' dir='ltr'>pariat·</span> 
     </span>
     <span class='ocr_line' id='line_1_39' title="bbox 146 3160 1253 3243; baseline -0.005 -22"><span class='ocrx_word' id='word_1_335' title='bbox 146 3164 252 3221; x_wconf 87' lang='lat' dir='ltr'>Tertio</span> <span class='ocrx_word' id='word_1_336' title='bbox 284 3164 357 3223; x_wconf 89' lang='lat' dir='ltr'>hane</span> <span class='ocrx_word' id='word_1_337' title='bbox 390 3164 534 3222; x_wconf 89' lang='lat' dir='ltr'>rationem</span> <span class='ocrx_word' id='word_1_338' title='bbox 566 3165 732 3243; x_wconf 83' lang='lat' dir='ltr'>praescrihit</span> <span class='ocrx_word' id='word_1_339' title='bbox 765 3164 867 3222; x_wconf 82' lang='lat' dir='ltr'>l&#39;anlns</span> <span class='ocrx_word' id='word_1_340' title='bbox 899 3164 1089 3223; x_wconf 84' lang='lat' dir='ltr'>diiudicandis</span> <span class='ocrx_word' id='word_1_341' title='bbox 1119 3160 1253 3223; x_wconf 86' lang='lat' dir='ltr'>doctrinis.</span> 
     </span>
     <span class='ocr_line' id='line_1_40' title="bbox 145 3234 1254 3319; baseline 0.006 -23"><span class='ocrx_word' id='word_1_342' title='bbox 145 3238 220 3297; x_wconf 86' lang='lat' dir='ltr'>Nam</span> <span class='ocrx_word' id='word_1_343' title='bbox 241 3260 329 3314; x_wconf 86' lang='lat' dir='ltr'>quum</span> <span class='ocrx_word' id='word_1_344' title='bbox 349 3240 468 3319; x_wconf 86' lang='lat' dir='ltr'>singulis</span> <span class='ocrx_word' id='word_1_345' title='bbox 488 3239 615 3297; x_wconf 85' lang='lat' dir='ltr'>ecelesiis</span> <span class='ocrx_word' id='word_1_346' title='bbox 636 3240 773 3298; x_wconf 78' lang='lat' dir='ltr'>attribuat</span> <span class='ocrx_word' id='word_1_347' title='bbox 791 3234 1254 3315; x_wconf 65' lang='lat' dir='ltr'>diirsdicntiosrem(1.Cor.1l‚hbl</span> 
     </span>
     <span class='ocr_line' id='line_1_41' title="bbox 147 3315 1254 3397; baseline -0.002 -24"><span class='ocrx_word' id='word_1_348' title='bbox 147 3316 285 3384; x_wconf 86' lang='lat' dir='ltr'>ostendit,</span> <span class='ocrx_word' id='word_1_349' title='bbox 305 3315 368 3392; x_wconf 90' lang='lat' dir='ltr'>quis</span> <span class='ocrx_word' id='word_1_350' title='bbox 389 3318 418 3373; x_wconf 89' lang='lat' dir='ltr'>in</span> <span class='ocrx_word' id='word_1_351' title='bbox 439 3315 621 3395; x_wconf 81' lang='lat' dir='ltr'>gravioribus</span> <span class='ocrx_word' id='word_1_352' title='bbox 641 3318 730 3375; x_wconf 77' lang='lat' dir='ltr'>carnis</span> <span class='ocrx_word' id='word_1_353' title='bbox 751 3318 787 3375; x_wconf 89' lang='lat' dir='ltr'>sit</span> <span class='ocrx_word' id='word_1_354' title='bbox 807 3319 879 3376; x_wconf 94' lang='lat' dir='ltr'>ordo</span> <span class='ocrx_word' id='word_1_355' title='bbox 900 3318 1020 3395; x_wconf 86' lang='lat' dir='ltr'>agendi:</span> <span class='ocrx_word' id='word_1_356' title='bbox 1042 3338 1151 3397; x_wconf 86' lang='lat' dir='ltr'>nempe</span> <span class='ocrx_word' id='word_1_357' title='bbox 1170 3329 1201 3375; x_wconf 93' lang='lat' dir='ltr'>ut</span> <span class='ocrx_word' id='word_1_358' title='bbox 1218 3332 1254 3371; x_wconf 86' lang='lat' dir='ltr'>er·</span> 
     </span>
     <span class='ocr_line' id='line_1_42' title="bbox 147 3389 1253 3472; baseline -0.003 -24"><span class='ocrx_word' id='word_1_359' title='bbox 147 3389 251 3448; x_wconf 82' lang='lat' dir='ltr'>etesiae</span> <span class='ocrx_word' id='word_1_360' title='bbox 272 3391 349 3447; x_wconf 90' lang='lat' dir='ltr'>inter</span> <span class='ocrx_word' id='word_1_361' title='bbox 369 3412 399 3450; x_wconf 92' lang='lat' dir='ltr'>se</span> <span class='ocrx_word' id='word_1_362' title='bbox 419 3411 601 3448; x_wconf 91' lang='lat' dir='ltr'>communem</span> <span class='ocrx_word' id='word_1_363' title='bbox 615 3393 813 3469; x_wconf 78' lang='lat' dir='ltr'>cognitionem</span> <span class='ocrx_word' id='word_1_364' title='bbox 834 3396 997 3471; x_wconf 81' lang='lat' dir='ltr'>suscipiant.</span> <span class='ocrx_word' id='word_1_365' title='bbox 1037 3398 1136 3472; x_wconf 77' lang='lat' dir='ltr'>Atque</span> <span class='ocrx_word' id='word_1_366' title='bbox 1156 3394 1193 3451; x_wconf 92' lang='lat' dir='ltr'>ita</span> <span class='ocrx_word' id='word_1_367' title='bbox 1212 3406 1253 3447; x_wconf 88' lang='lat' dir='ltr'>nos</span> 
     </span>
     <span class='ocr_line' id='line_1_43' title="bbox 145 3466 1254 3548; baseline -0.005 -24"><span class='ocrx_word' id='word_1_368' title='bbox 145 3466 208 3545; x_wconf 89' lang='lat' dir='ltr'>ipse</span> <span class='ocrx_word' id='word_1_369' title='bbox 237 3466 349 3544; x_wconf 89' lang='lat' dir='ltr'>pietatis</span> <span class='ocrx_word' id='word_1_370' title='bbox 371 3487 470 3525; x_wconf 89' lang='lat' dir='ltr'>sensus</span> <span class='ocrx_word' id='word_1_371' title='bbox 490 3467 629 3538; x_wconf 90' lang='lat' dir='ltr'>instituit,</span> <span class='ocrx_word' id='word_1_372' title='bbox 649 3481 681 3526; x_wconf 92' lang='lat' dir='ltr'>ut</span> <span class='ocrx_word' id='word_1_373' title='bbox 707 3471 729 3527; x_wconf 93' lang='lat' dir='ltr'>si</span> <span class='ocrx_word' id='word_1_374' title='bbox 751 3470 812 3548; x_wconf 88' lang='lat' dir='ltr'>quis</span> <span class='ocrx_word' id='word_1_375' title='bbox 838 3471 936 3528; x_wconf 86' lang='lat' dir='ltr'>turbet</span> <span class='ocrx_word' id='word_1_376' title='bbox 961 3470 1112 3529; x_wconf 88' lang='lat' dir='ltr'>ecelesiam</span> <span class='ocrx_word' id='word_1_377' title='bbox 1133 3470 1254 3548; x_wconf 85' lang='lat' dir='ltr'>dogmate</span> 
     </span>
     <span class='ocr_line' id='line_1_44' title="bbox 146 3542 1254 3626; baseline 0 -26"><span class='ocrx_word' id='word_1_378' title='bbox 146 3542 299 3612; x_wconf 88' lang='lat' dir='ltr'>inusitato,</span> <span class='ocrx_word' id='word_1_379' title='bbox 323 3554 410 3619; x_wconf 80' lang='lat' dir='ltr'>atque</span> <span class='ocrx_word' id='word_1_380' title='bbox 431 3562 467 3601; x_wconf 85' lang='lat' dir='ltr'>eo</span> <span class='ocrx_word' id='word_1_381' title='bbox 491 3563 538 3601; x_wconf 88' lang='lat' dir='ltr'>res</span> <span class='ocrx_word' id='word_1_382' title='bbox 565 3547 712 3621; x_wconf 87' lang='lat' dir='ltr'>perveniat</span> <span class='ocrx_word' id='word_1_383' title='bbox 733 3558 764 3603; x_wconf 91' lang='lat' dir='ltr'>ut</span> <span class='ocrx_word' id='word_1_384' title='bbox 783 3552 820 3605; x_wconf 87' lang='lat' dir='ltr'>sit</span> <span class='ocrx_word' id='word_1_385' title='bbox 840 3545 996 3624; x_wconf 87' lang='lat' dir='ltr'>periculum</span> <span class='ocrx_word' id='word_1_386' title='bbox 1017 3567 1032 3604; x_wconf 91' lang='lat' dir='ltr'>a</span> <span class='ocrx_word' id='word_1_387' title='bbox 1053 3548 1190 3626; x_wconf 80' lang='lat' dir='ltr'>graviore</span> <span class='ocrx_word' id='word_1_388' title='bbox 1208 3542 1254 3601; x_wconf 78' lang='lat' dir='ltr'>dis-</span> 
     </span>
     <span class='ocr_line' id='line_1_45' title="bbox 146 3619 1255 3712; baseline -0.001 -34"><span class='ocrx_word' id='word_1_389' title='bbox 146 3619 237 3693; x_wconf 90' lang='lat' dir='ltr'>sidio,</span> <span class='ocrx_word' id='word_1_390' title='bbox 262 3620 437 3705; x_wconf 80' lang='lat' dir='ltr'>conveniapt</span> <span class='ocrx_word' id='word_1_391' title='bbox 457 3619 581 3697; x_wconf 91' lang='lat' dir='ltr'>primnm</span> <span class='ocrx_word' id='word_1_392' title='bbox 602 3622 754 3680; x_wconf 85' lang='lat' dir='ltr'>ecclesiae:</span> <span class='ocrx_word' id='word_1_393' title='bbox 782 3624 980 3712; x_wconf 80' lang='lat' dir='ltr'>quaestionem</span> <span class='ocrx_word' id='word_1_394' title='bbox 1001 3624 1182 3700; x_wconf 88' lang='lat' dir='ltr'>propositam</span> <span class='ocrx_word' id='word_1_395' title='bbox 1201 3638 1255 3679; x_wconf 83' lang='lat' dir='ltr'>esa·</span> 
     </span>
     <span class='ocr_line' id='line_1_46' title="bbox 145 3694 1255 3775; baseline -0.004 -22"><span class='ocrx_word' id='word_1_396' title='bbox 145 3696 275 3755; x_wconf 82' lang='lat' dir='ltr'>minent:</span> <span class='ocrx_word' id='word_1_397' title='bbox 295 3694 422 3767; x_wconf 85' lang='lat' dir='ltr'>demum,</span> <span class='ocrx_word' id='word_1_398' title='bbox 441 3696 515 3755; x_wconf 89' lang='lat' dir='ltr'>insta</span> <span class='ocrx_word' id='word_1_399' title='bbox 536 3696 711 3757; x_wconf 88' lang='lat' dir='ltr'>discussione</span> <span class='ocrx_word' id='word_1_400' title='bbox 732 3699 837 3771; x_wconf 77' lang='lat' dir='ltr'>habita,</span> <span class='ocrx_word' id='word_1_401' title='bbox 860 3700 1059 3757; x_wconf 84' lang='lat' dir='ltr'>definitionem</span> <span class='ocrx_word' id='word_1_402' title='bbox 1072 3719 1105 3756; x_wconf 84' lang='lat' dir='ltr'>ex</span> <span class='ocrx_word' id='word_1_403' title='bbox 1118 3698 1255 3775; x_wconf 83' lang='lat' dir='ltr'>Scriptura</span> 
     </span>
     <span class='ocr_line' id='line_1_47' title="bbox 145 3770 1255 3865; baseline -0.001 -33"><span class='ocrx_word' id='word_1_404' title='bbox 145 3783 289 3851; x_wconf 80' lang='lat' dir='ltr'>sumptam</span> <span class='ocrx_word' id='word_1_405' title='bbox 308 3770 478 3865; x_wconf 81' lang='lat' dir='ltr'>proferant,</span> <span class='ocrx_word' id='word_1_406' title='bbox 509 3793 582 3851; x_wconf 88' lang='lat' dir='ltr'>quae</span> <span class='ocrx_word' id='word_1_407' title='bbox 610 3786 637 3832; x_wconf 90' lang='lat' dir='ltr'>et</span> <span class='ocrx_word' id='word_1_408' title='bbox 658 3776 866 3834; x_wconf 84' lang='lat' dir='ltr'>dubitationem</span> <span class='ocrx_word' id='word_1_409' title='bbox 893 3776 921 3832; x_wconf 89' lang='lat' dir='ltr'>in</span> <span class='ocrx_word' id='word_1_410' title='bbox 950 3776 1035 3853; x_wconf 87' lang='lat' dir='ltr'>plebe</span> <span class='ocrx_word' id='word_1_411' title='bbox 1060 3775 1161 3845; x_wconf 84' lang='lat' dir='ltr'>tollat,</span> <span class='ocrx_word' id='word_1_412' title='bbox 1186 3785 1255 3831; x_wconf 80' lang='lat' dir='ltr'>etos</span> 
     </span>
     <span class='ocr_line' id='line_1_48' title="bbox 146 3846 1256 3932; baseline -0.002 -27"><span class='ocrx_word' id='word_1_413' title='bbox 146 3846 279 3907; x_wconf 89' lang='lat' dir='ltr'>obstruat</span> <span class='ocrx_word' id='word_1_414' title='bbox 308 3847 446 3925; x_wconf 76' lang='lat' dir='ltr'>improbis</span> <span class='ocrx_word' id='word_1_415' title='bbox 477 3859 506 3905; x_wconf 90' lang='lat' dir='ltr'>et</span> <span class='ocrx_word' id='word_1_416' title='bbox 525 3851 635 3928; x_wconf 89' lang='lat' dir='ltr'>cupidis</span> <span class='ocrx_word' id='word_1_417' title='bbox 661 3850 842 3926; x_wconf 86' lang='lat' dir='ltr'>hominihns,</span> <span class='ocrx_word' id='word_1_418' title='bbox 864 3872 900 3911; x_wconf 89' lang='lat' dir='ltr'>ne</span> <span class='ocrx_word' id='word_1_419' title='bbox 925 3872 1050 3932; x_wconf 85' lang='lat' dir='ltr'>pergere</span> <span class='ocrx_word' id='word_1_420' title='bbox 1070 3850 1193 3931; x_wconf 89' lang='lat' dir='ltr'>amplius</span> <span class='ocrx_word' id='word_1_421' title='bbox 1214 3866 1256 3906; x_wconf 88' lang='lat' dir='ltr'>au·</span> 
     </span>
     <span class='ocr_line' id='line_1_49' title="bbox 146 3923 1256 4009; baseline 0.002 -28"><span class='ocrx_word' id='word_1_422' title='bbox 146 3923 244 3981; x_wconf 90' lang='lat' dir='ltr'>deant.</span> <span class='ocrx_word' id='word_1_423' title='bbox 295 3924 344 3982; x_wconf 90' lang='lat' dir='ltr'>Sic</span> <span class='ocrx_word' id='word_1_424' title='bbox 375 3936 476 3982; x_wconf 78' lang='lat' dir='ltr'>exorto</span> <span class='ocrx_word' id='word_1_425' title='bbox 500 3926 572 3983; x_wconf 72' lang='lat' dir='ltr'>Ario</span> <span class='ocrx_word' id='word_1_426' title='bbox 598 3938 696 3985; x_wconf 89' lang='lat' dir='ltr'>coacta</span> <span class='ocrx_word' id='word_1_427' title='bbox 725 3940 767 3984; x_wconf 87' lang='lat' dir='ltr'>est</span> <span class='ocrx_word' id='word_1_428' title='bbox 791 3930 916 3987; x_wconf 86' lang='lat' dir='ltr'>Nicaena</span> <span class='ocrx_word' id='word_1_429' title='bbox 942 3928 1086 4009; x_wconf 84' lang='lat' dir='ltr'>synodus,</span> <span class='ocrx_word' id='word_1_430' title='bbox 1119 3946 1192 4005; x_wconf 89' lang='lat' dir='ltr'>quae</span> <span class='ocrx_word' id='word_1_431' title='bbox 1215 3940 1256 3983; x_wconf 74' lang='lat' dir='ltr'>sut</span> 
     </span>
     <span class='ocr_line' id='line_1_50' title="bbox 144 3998 1255 4096; baseline -0.001 -39"><span class='ocrx_word' id='word_1_432' title='bbox 144 3998 320 4059; x_wconf 88' lang='lat' dir='ltr'>auctoritate</span> <span class='ocrx_word' id='word_1_433' title='bbox 340 4011 370 4057; x_wconf 93' lang='lat' dir='ltr'>et</span> <span class='ocrx_word' id='word_1_434' title='bbox 398 3999 553 4060; x_wconf 86' lang='lat' dir='ltr'>sceleratos</span> <span class='ocrx_word' id='word_1_435' title='bbox 580 4002 659 4081; x_wconf 89' lang='lat' dir='ltr'>impii</span> <span class='ocrx_word' id='word_1_436' title='bbox 682 4003 804 4063; x_wconf 90' lang='lat' dir='ltr'>hominis</span> <span class='ocrx_word' id='word_1_437' title='bbox 830 4016 950 4063; x_wconf 88' lang='lat' dir='ltr'>conatus</span> <span class='ocrx_word' id='word_1_438' title='bbox 976 4003 1076 4096; x_wconf 77' lang='lat' dir='ltr'>tregit,</span> <span class='ocrx_word' id='word_1_439' title='bbox 1113 4015 1143 4060; x_wconf 89' lang='lat' dir='ltr'>et</span> <span class='ocrx_word' id='word_1_440' title='bbox 1165 4018 1255 4094; x_wconf 85' lang='lat' dir='ltr'>pacem</span> 
     </span>
     <span class='ocr_line' id='line_1_51' title="bbox 144 4075 1256 4155; baseline -0.003 -21"><span class='ocrx_word' id='word_1_441' title='bbox 144 4077 271 4135; x_wconf 89' lang='lat' dir='ltr'>restituit</span> <span class='ocrx_word' id='word_1_442' title='bbox 297 4075 424 4135; x_wconf 89' lang='lat' dir='ltr'>ecclesiis</span> <span class='ocrx_word' id='word_1_443' title='bbox 445 4098 514 4155; x_wconf 89' lang='lat' dir='ltr'>qnas</span> <span class='ocrx_word' id='word_1_444' title='bbox 539 4089 705 4149; x_wconf 80' lang='lat' dir='ltr'>vexaverat,</span> <span class='ocrx_word' id='word_1_445' title='bbox 733 4093 762 4137; x_wconf 90' lang='lat' dir='ltr'>et</span> <span class='ocrx_word' id='word_1_446' title='bbox 787 4093 934 4140; x_wconf 86' lang='lat' dir='ltr'>aeternam</span> <span class='ocrx_word' id='word_1_447' title='bbox 956 4080 1066 4139; x_wconf 74' lang='lat' dir='ltr'>Christi</span> <span class='ocrx_word' id='word_1_448' title='bbox 1087 4079 1256 4138; x_wconf 80' lang='lat' dir='ltr'>divinitatem</span> 
     </span>
     <span class='ocr_line' id='line_1_52' title="bbox 144 4151 1258 4234; baseline -0.002 -24"><span class='ocrx_word' id='word_1_449' title='bbox 144 4163 248 4212; x_wconf 88' lang='lat' dir='ltr'>contra</span> <span class='ocrx_word' id='word_1_450' title='bbox 268 4151 440 4231; x_wconf 88' lang='lat' dir='ltr'>sacrilegum</span> <span class='ocrx_word' id='word_1_451' title='bbox 460 4153 520 4212; x_wconf 90' lang='lat' dir='ltr'>eius</span> <span class='ocrx_word' id='word_1_452' title='bbox 545 4153 648 4234; x_wconf 89' lang='lat' dir='ltr'>dogma</span> <span class='ocrx_word' id='word_1_453' title='bbox 673 4156 801 4214; x_wconf 87' lang='lat' dir='ltr'>assernit.</span> <span class='ocrx_word' id='word_1_454' title='bbox 847 4158 946 4231; x_wconf 78' lang='lat' dir='ltr'>errsm</span> <span class='ocrx_word' id='word_1_455' title='bbox 966 4157 1071 4216; x_wconf 87' lang='lat' dir='ltr'>deinde</span> <span class='ocrx_word' id='word_1_456' title='bbox 1096 4176 1185 4216; x_wconf 81' lang='lat' dir='ltr'>novas</span> <span class='ocrx_word' id='word_1_457' title='bbox 1204 4164 1258 4211; x_wconf 89' lang='lat' dir='ltr'>tur·</span> 
     </span>
     <span class='ocr_line' id='line_1_53' title="bbox 144 4226 1257 4303; baseline 0.002 -18"><span class='ocrx_word' id='word_1_458' title='bbox 144 4226 196 4287; x_wconf 86' lang='lat' dir='ltr'>bas</span> <span class='ocrx_word' id='word_1_459' title='bbox 216 4238 367 4288; x_wconf 87' lang='lat' dir='ltr'>moverent</span> <span class='ocrx_word' id='word_1_460' title='bbox 386 4228 546 4288; x_wconf 87' lang='lat' dir='ltr'>Eunomius</span> <span class='ocrx_word' id='word_1_461' title='bbox 567 4242 597 4288; x_wconf 89' lang='lat' dir='ltr'>et</span> <span class='ocrx_word' id='word_1_462' title='bbox 615 4230 818 4303; x_wconf 70' lang='lat' dir='ltr'>Macedonicis,</span> <span class='ocrx_word' id='word_1_463' title='bbox 843 4234 928 4293; x_wconf 87' lang='lat' dir='ltr'>simili</span> <span class='ocrx_word' id='word_1_464' title='bbox 947 4234 1078 4293; x_wconf 86' lang='lat' dir='ltr'>remedio</span> <span class='ocrx_word' id='word_1_465' title='bbox 1099 4252 1200 4291; x_wconf 89' lang='lat' dir='ltr'>eorum</span> <span class='ocrx_word' id='word_1_466' title='bbox 1219 4229 1257 4287; x_wconf 89' lang='lat' dir='ltr'>ia·</span> 
     </span>
     <span class='ocr_line' id='line_1_54' title="bbox 143 4304 1258 4391; baseline -0.002 -28"><span class='ocrx_word' id='word_1_467' title='bbox 143 4304 239 4363; x_wconf 87' lang='lat' dir='ltr'>saniae</span> <span class='ocrx_word' id='word_1_468' title='bbox 259 4324 411 4365; x_wconf 86' lang='lat' dir='ltr'>occursum</span> <span class='ocrx_word' id='word_1_469' title='bbox 430 4318 474 4365; x_wconf 90' lang='lat' dir='ltr'>est</span> <span class='ocrx_word' id='word_1_470' title='bbox 494 4325 547 4384; x_wconf 86' lang='lat' dir='ltr'>per</span> <span class='ocrx_word' id='word_1_471' title='bbox 564 4304 922 4389; x_wconf 72' lang='lat' dir='ltr'>constantinopolitanam</span> <span class='ocrx_word' id='word_1_472' title='bbox 938 4311 1097 4391; x_wconf 78' lang='lat' dir='ltr'>synodum:</span> <span class='ocrx_word' id='word_1_473' title='bbox 1116 4304 1258 4388; x_wconf 83' lang='lat' dir='ltr'>Ephesius</span> 
     </span>
    </p>
   </div>
   <div class='ocr_carea' id='block_1_3' title="bbox 0 0 1302 4726">
    <p class='ocr_par' dir='ltr' id='par_1_4' title="bbox 0 0 1302 4726">
     <span class='ocr_line' id='line_1_55' title="bbox 0 0 1302 4726; baseline 0 0"><span class='ocrx_word' id='word_1_474' title='bbox 0 0 1302 4726; x_wconf 95' lang='lat' dir='ltr'> </span> 
     </span>
    </p>
   </div>
  </div>
 </body>
</html>
