2700 4732
70 210 128 271 ttttt
475 204 552 265 ΗΒ.
571 204 613 266 ll.
651 203 742 267 Ctll’.
761 204 802 264 tt.

71 346 190 426 quidem
209 358 243 407 ut
262 358 361 408 nostra
382 347 537 421 humilitas,
555 347 617 409 eius
637 362 681 409 est
698 348 837 409 altitudoz
856 349 898 409 ita
917 347 1067 409 confessio
1082 326 1112 409 iu

71 424 251 497 humilitatis,
270 424 486 485 miserationem
502 426 564 484 eius
584 425 613 483 in
634 428 793 485 remedium
813 438 943 504 paratam
963 424 1061 485 babet.
1098 427 1112 485 l

72 521 144 562 vern
165 501 266 580 erigo,
286 511 318 559 ut
339 502 428 559 bomo
448 522 508 559 nou
529 502 683 563 conuictus
701 501 780 563 ultro
800 503 898 561 cedat:
923 514 954 559 et
976 502 1001 560 si
1020 522 1093 582 quas

73 588 146 637 tates
165 576 264 649 babet,
283 578 319 637 ab
340 579 372 635 iis
382 578 510 635 arrinurm
530 589 650 649 avertat,
670 601 729 657 quo
749 578 781 639 in
794 598 890 636 veram
911 577 1105 637 humilitatem

71 665 171 733 gutur:
189 654 241 713 sed
262 666 294 712 nt
311 655 442 733 seposito
462 657 607 724 quierntne
623 660 670 708 καὶ
687 659 857 727 φιλονεικίας
872 653 979 712 morbo
999 654 1076 732 (quo
1097 674 1112 713 e

71 742 152 789 catus
171 749 265 808 aequo
285 729 370 789 altius
395 730 431 788 de
450 749 482 789 se
501 730 604 806 sentit)
636 731 666 788 io
694 731 794 790 veraci
819 730 989 810 Scripturae
1019 750 1111 809 specu

72 808 166 886 ipsum
187 805 282 885 probe
300 817 504 885 recognoscat.

148 889 196 946 12
232 881 345 941 Acilia
370 882 487 961 quidem
513 881 635 963 vulgaris
660 883 821 955 sententia,
841 903 928 961 quam
957 902 1110 960 sumpsero

72 956 258 1041 Augustino,
282 958 353 1017 milti
374 957 483 1037 placet,
501 958 649 1017 'naturalia
670 959 746 1018 dona
768 959 854 1019 foisse
874 971 1010 1036 corrupta
1033 963 1061 1017 in
1084 959 1112 1019 ltt

73 1046 311 1115 perpetratum,
330 1034 597 1113 supernaturalibus
617 1047 713 1094 autem
726 1037 902 1093 exinanitum
924 1036 1019 1093 luisse.
1058 1035 1112 1095 Nar

73 1112 237 1191 posteriore
268 1112 402 1171 membro
433 1110 602 1193 intelligunt
630 1122 691 1171 tam
721 1112 790 1170 lirlci
820 1111 915 1171 lucem
941 1132 1027 1189 quam
1051 1112 1111 1171 iuat

73 1207 148 1266 quae
179 1186 215 1246 ad
246 1186 405 1246 coelestem
436 1188 524 1248 vitato
553 1200 757 1266 aeternamque
788 1188 953 1247 felicitatem
985 1187 1112 1266 adipisce

71 1263 249 1324 sullicereot.
287 1264 368 1344 Ergo
387 1281 418 1322 se
438 1262 574 1323 abdicans
593 1286 608 1323 a
630 1285 721 1342 regno
742 1264 810 1334 Dei,
828 1263 913 1323 simul
934 1264 1060 1341 priuatus
1079 1284 1112 1325 es

74 1339 227 1405 ritualibus
247 1339 343 1409 duois,
364 1339 468 1417 quibus
488 1340 518 1397 in
538 1360 619 1417 spem
639 1343 738 1399 salutis
756 1353 891 1400 aeternae
911 1339 1069 1399 instructus
1089 1340 1112 1399 lt

75 1418 152 1475 uude
171 1416 314 1494 sequitur,
333 1416 372 1474 ita
392 1415 521 1474 exsulare
540 1438 556 1474 a
577 1435 669 1496 regno
683 1416 752 1489 Dei,
772 1429 804 1475 ut
823 1435 1014 1496 quaecunque
1032 1416 1068 1475 ad
1089 1414 1109 1475 b

73 1493 188 1553 animae
207 1492 296 1551 vitam
316 1505 465 1571 spectent,
489 1492 519 1550 in
540 1512 577 1551 eo
598 1494 735 1552 exstincta
752 1493 827 1565 sint,
851 1494 947 1551 donec
972 1511 1025 1569 per
1044 1512 1112 1585 rege

73 1570 163 1629 tionis
182 1568 304 1647 gratiam
324 1570 385 1647 ipso
404 1580 569 1647 recuperet.
612 1570 647 1627 ln
667 1569 712 1628 bis
732 1582 800 1628 suot
819 1569 905 1639 fides,
929 1589 1013 1629 amor
1031 1568 1106 1645 Der,

74 1657 116 1709 tas
136 1666 206 1726 erga
248 1646 389 1717 roxirnos,
419 1644 579 1704 sanctitatis
602 1658 633 1704 et
656 1645 784 1705 iustitiae
812 1646 949 1705 studium.
1002 1645 1112 1705 llaeet

73 1744 162 1801 quum
182 1666 268 1781 uobis
287 1722 420 1781 restituat
438 1720 582 1793 Christus,
601 1722 759 1782 adventitia
777 1733 945 1794 censentur,
963 1732 995 1780 et
1012 1734 1112 1811 praete

73 1810 183 1857 turam:
207 1798 335 1876 ideoque
361 1798 448 1858 luisse
466 1797 576 1857 abolita
595 1797 770 1933 colligimus.
814 1797 940 1857 Rursum
963 1810 1071 1857 sanitas
1097 1820 1112 1857 n

74 1868 230 1935 et'cordie·
242 1877 388 1934 rectitudo
407 1875 492 1934 simul
513 1873 632 1934 luerunt
648 1897 662 1934 a
686 1875 758 1933 lata:
777 1886 865 1963 atque
883 1874 958 1932 baec
972 1885 1015 1933 est
1026 1885 1112 1934 natur

73 1952 220 2011 donorum
240 1950 401 2031 corruptio.
440 1952 516 2010 Nam
529 1952 582 2011 etsi
602 1949 711 2031 aliquid
731 1950 942 2030 intelligentiae
961 1960 993 2009 et
1010 1950 1111 2011 iudicii

74 2029 163 2086 duum
183 2041 283 2087 manet
303 2049 360 2087 uua
380 2048 445 2087 cum
465 2027 633 2099 voluntate,
665 2047 761 2105 neque
787 2040 883 2086 tameo
907 2038 1036 2085 mentem
1055 2028 1112 2085 inte

74 2117 105 2163 ct
122 2125 219 2164 sanam
236 2104 374 2174 dicemus,
393 2123 468 2195 quae
488 2115 518 2162 et
538 2104 642 2164 debilis
662 2116 715 2177 est,
734 2117 765 2162 et
784 2103 882 2162 multis
900 2101 1032 2161 tenebris
1051 2102 1112 2163 insu

74 2192 105 2240 ct
125 2181 247 2260 prauitas
265 2180 425 2239 voluntatis
450 2178 516 2313 plus
539 2181 609 2240 satie
634 2191 703 2239 nota
724 2191 776 2239 est.
815 2178 916 2252 Quum
937 2198 1009 2270 ergo
1028 2179 1107 2239 ratio

73 2257 214 2316 discernit
233 2256 323 2315 homo
350 2258 427 2316 iuter
473 2277 562 2315 onum
584 2269 615 2314 et
640 2255 761 2329 malurn,
785 2277 840 2334 qua
867 2254 959 2314 intelli
981 2267 1004 2314 u
1026 2266 1058 2313 et
1083 2254 1112 2314 iu

74 2331 206 2392 uaturale
226 2332 337 2392 donum
356 2333 409 2404 sit,
430 2353 491 2391 non
512 2333 610 2411 potuit
628 2334 658 2391 in
680 2346 773 2392 toturn
794 2333 901 2392 deleri:
921 2276 979 2392 sed
992 2330 1099 2410 partim

73 2409 165 2480 litata,
184 2410 288 2487 purtim
301 2409 399 2468 vitiata
420 2408 486 2481 luit,
504 2420 538 2469 ut
550 2408 696 2469 deformes
716 2411 994 2489 ruinaeappareant.
1029 2408 1099 2468 Hne

73 2483 145 2545 dicit
163 2483 290 2543 Ioannes
309 2487 354 2559 (1,
374 2485 417 2561 5.)
443 2485 537 2544 lucem
561 2486 655 2545 adhuc
679 2487 709 2544 iu
730 2486 858 2544 tenebris
878 2485 994 2558 lucere,
1012 2484 1064 2543 sed
1083 2506 1101 2545 a

73 2560 135 2621 bris
154 2579 217 2619 nou
241 2561 468 2639 comprehendi:
494 2561 599 2639 quibus
623 2562 718 2621 verbis
743 2574 899 2640 utrumque
919 2560 997 2621 clare
1021 2562 1112 2640 exprir

72 2638 104 2697 in
133 2655 271 2716 perversa
297 2648 328 2696 ct
351 2638 499 2727 degenere
528 2639 654 2698 bominis
678 2650 780 2697 natura
804 2640 911 2697 micare
935 2637 1029 2697 adhue
1052 2638 1112 2697 scin

73 2734 149 2793 quae
169 2713 326 2773 ostendant
344 2714 489 2773 rationale
510 2734 571 2774 esse
590 2715 698 2774 animal
712 2726 747 2772 et
767 2736 783 2773 a
804 2715 896 2773 brutis
917 2714 1047 2786 dillerre,
1067 2718 1112 2792 qui

70 2789 236 2882 tclligentia
256 2791 422 2868 praeditum
447 2791 499 2850 sit:
532 2802 675 2849 ettamen
699 2791 770 2849 hane
790 2792 884 2850 lucem
904 2791 994 2849 multa
1018 2790 1112 2872 ignora

73 2867 217 2926 densitate
235 2865 388 2940 sulsocari,
413 2878 446 2926 ut
465 2866 624 2927 elficaeiter
644 2886 794 2949 emergere
814 2879 949 2947 nequeat.
987 2867 1038 2926 Sic
1056 2866 1112 2925 volt

73 2943 141 3023 quia
163 2944 224 3003 inse
246 2943 363 3003 arabilis
383 2956 428 3002 est
452 2944 487 3003 ab
514 2943 639 3003 bominis
660 2956 777 3016 natura,
809 2964 870 3003 non
895 2943 998 3022 periit:
1029 2943 1083 3002 aed
1107 2966 1112 3024 Ι

72 2964 278 3108 cupiditatibus
298 3020 432 3079 devincta
453 3019 522 3094 luit,
546 3031 580 3078 ut
603 3019 674 3078 niltil
694 3034 805 3079 rectum
824 3034 965 3099 appetere
983 3031 1082 3097 queat.
1110 3096 1112 3103 Ι

72 3096 190 3176 quidem
211 3093 296 3174 plena
316 3096 517 3167 estdefiuitio,
535 3096 586 3156 sed
599 3117 674 3174 quae
693 3095 825 3175 pluribus
838 3095 1003 3175 explicanda
1024 3106 1079 3155 est·
1108 3146 1112 3153 .

72 3183 105 3233 ut
122 3173 283 3233 secultdum
303 3172 423 3252 primam
443 3173 522 3231 illam
540 3172 755 3231 distinctionem
777 3173 842 3250 (lib.
863 3182 891 3236 1.
912 3194 937 3231 e.
957 3176 1004 3235 15.
1024 3193 1047 3230 s.
1060 3176 1112 3235 'bt

72 3269 128 3328 qua
153 3248 277 3308 bominis
303 3248 428 3308 animam
454 3249 484 3308 iu
515 3249 696 3308 intellectum
722 3260 752 3308 et
770 3249 949 3309 voluntatem
976 3248 1112 3327 partitis

72 3325 215 3385 orationis
239 3324 314 3384 ordo
341 3325 496 3404 procedat:
522 3326 580 3383 uim
607 3324 772 3385 intellectus
796 3326 895 3405 priore
923 3326 989 3385 loco
1016 3325 1111 3385 eaeuti

71 3401 236 3480 Perpetuae
256 3402 407 3461 coecitatis
428 3403 464 3460 ita
484 3422 551 3459 eunt
572 3403 724 3473 damnare,
755 3415 788 3460 ut
812 3401 883 3460 nihil
907 3399 1112 3482 intelligentiae

71 3478 101 3537 in
121 3497 231 3557 genere
249 3496 348 3535 rerum
368 3478 512 3556 reliquum
532 3476 629 3550 iacias,
650 3499 710 3536 uon
732 3478 820 3538 modo
838 3478 930 3550 uerbo
942 3478 1011 3551 Dei,
1029 3478 1083 3537 sed
1101 3500 1112 3537 ι

71 3554 159 3613 etiam
183 3553 347 3612 communis
377 3556 576 3633 experimento
607 3568 761 3634 repugnat.
810 3553 949 3613 Videmus
973 3555 1051 3613 enirn
1082 3554 1112 3613 in

70 3649 134 3690 esse
154 3628 282 3687 humano
302 3628 423 3709 ingenio
444 3630 617 3689 desiderium
639 3632 738 3691 nescio
760 3630 838 3709 quod
859 3630 1042 3711 indagandae
1060 3650 1112 3690 uer

69 3706 214 3785 adquam
239 3704 360 3763 minime
384 3707 539 3785 aspiraret,
563 3707 618 3765 uisi
637 3707 735 3785 aliquo
762 3708 822 3767 eius
843 3708 937 3766 odore
956 3720 1026 3766 ante
1049 3727 1112 3785 pert

68 3782 123 3843 Eat
143 3801 217 3874 ergo
237 3781 293 3842 iam
313 3781 384 3841 haec
404 3781 546 3842 oenoulla
567 3783 683 3842 humani
704 3783 869 3843 intellectus
886 3783 1104 3863 perspicientia,

69 3859 201 3919 veritatis
220 3878 322 3916 amore
341 3858 513 3917 naturaliter
532 3863 659 3939 rapitur:
685 3863 766 3920 cuius
790 3861 941 3940 neglectus
966 3858 996 3918 in
1022 3859 1112 3921 brutis

69 3935 216 3995 mantibus
236 3933 332 4013 arguit
352 3956 476 3994 crassum
497 3934 607 4013 absque
627 3937 741 3995 ratione
759 3958 884 3997 sensum.
931 3934 1109 4016 Quanquam

90 4011 279 4089 ualiscuuque
299 4011 481 4090 appetentia,
506 4023 662 4090 antequam
684 4034 782 4073 cursus
801 4014 846 4073 sui
865 4013 989 4072 stadium
1010 4004 1112 4095 ingr'ed

70 4032 183 4147 deficit:
203 4087 270 4166 quia
290 4108 359 4147 mox
377 4087 507 4146 concidit
526 4090 555 4145 in
575 4089 741 4148 uanitatem.
792 4088 942 4169 Siquidem
962 4109 1046 4148 mens
1067 4090 1112 4149 hot

69 4180 140 4241 prae
161 4160 352 4239 hebetudine,
370 4174 479 4223 rectam
499 4163 560 4223 reri
580 4162 775 4244 investigandi
795 4166 869 4224 viam
889 4177 991 4225 tenere
1013 4166 1112 4244 nequit

68 4258 124 4329 per
142 4238 234 4301 uarios
254 4259 371 4300 errores
388 4252 529 4320 vagatur,
559 4252 589 4299 et
608 4254 744 4321 tanquam
765 4240 796 4300 in
816 4242 944 4302 tenebris
965 4240 1111 4321 palpando

3 4318 12 4331 ‘
69 4314 140 4374 rode
156 4315 304 4399 impingit,
322 4317 420 4378 donec
439 4317 556 4377 tandem
576 4316 670 4397 palata
691 4331 857 4380 evanescat:
878 4319 918 4379 ita
936 4319 1090 4381 ueritatem
1108 4340 1112 4373 t
