<?xml version="1.0" encoding="UTF-8"?>
<!DOCTYPE html PUBLIC "-//W3C//DTD XHTML 1.0 Transitional//EN"
    "http://www.w3.org/TR/xhtml1/DTD/xhtml1-transitional.dtd">
<html xmlns="http://www.w3.org/1999/xhtml" xml:lang="en" lang="en">
 <head>
  <title>
</title>
<meta http-equiv="Content-Type" content="text/html;charset=utf-8" />
  <meta name='ocr-system' content='tesseract 3.04.00' />
  <meta name='ocr-capabilities' content='ocr_page ocr_carea ocr_par ocr_line ocrx_word'/>
</head>
<body>
  <div class='ocr_page' id='page_1' title='image "./ioanniscalvinii02tholgoog/ioanniscalvinii02tholgoog_1009.png"; bbox 0 0 2700 4732; ppageno 0'>
   <div class='ocr_carea' id='block_1_1' title="bbox 585 173 1214 240">
    <p class='ocr_par' dir='ltr' id='par_1_1' title="bbox 585 173 1214 240">
     <span class='ocr_line' id='line_1_1' title="bbox 585 173 1214 240; baseline -0.005 -1"><span class='ocrx_word' id='word_1_1' title='bbox 585 175 721 240; x_wconf 76' lang='lat' dir='ltr'>tttttnx.</span> <span class='ocrx_word' id='word_1_2' title='bbox 741 176 746 195; x_wconf 85' lang='grc'><strong>”</strong></span> <span class='ocrx_word' id='word_1_3' title='bbox 1175 173 1214 236; x_wconf 69' lang='lat' dir='ltr'>fd</span> 
     </span>
    </p>
   </div>
   <div class='ocr_carea' id='block_1_2' title="bbox 126 321 1212 466">
    <p class='ocr_par' dir='ltr' id='par_1_2' title="bbox 126 321 1212 466">
     <span class='ocr_line' id='line_1_2' title="bbox 126 321 1212 397; baseline -0.012 -12"><span class='ocrx_word' id='word_1_4' title='bbox 126 345 207 397; x_wconf 68' lang='lat' dir='ltr'>nont„</span> <span class='ocrx_word' id='word_1_5' title='bbox 222 350 243 383; x_wconf 72' lang='lat' dir='ltr'>‘a</span> <span class='ocrx_word' id='word_1_6' title='bbox 260 347 288 383; x_wconf 87' lang='lat' dir='ltr'>sa</span> <span class='ocrx_word' id='word_1_7' title='bbox 305 329 409 383; x_wconf 66' lang='lat' dir='ltr'>distent:</span> <span class='ocrx_word' id='word_1_8' title='bbox 437 344 545 396; x_wconf 79' lang='lat' dir='ltr'>quarem</span> <span class='ocrx_word' id='word_1_9' title='bbox 562 323 642 392; x_wconf 85' lang='lat' dir='ltr'>prima</span> <span class='ocrx_word' id='word_1_10' title='bbox 700 321 783 391; x_wconf 86' lang='lat' dir='ltr'>impiis</span> <span class='ocrx_word' id='word_1_11' title='bbox 800 321 877 376; x_wconf 84' lang='lat' dir='ltr'>simul</span> <span class='ocrx_word' id='word_1_12' title='bbox 897 322 1015 375; x_wconf 82' lang='lat' dir='ltr'>locantur</span> <span class='ocrx_word' id='word_1_13' title='bbox 1031 332 1212 386; x_wconf 86' lang='lat' dir='ltr'>torposetan·</span> 
     </span>
     <span class='ocr_line' id='line_1_3' title="bbox 129 387 1211 466; baseline -0.014 -12"><span class='ocrx_word' id='word_1_14' title='bbox 129 416 178 461; x_wconf 77' lang='lat' dir='ltr'>cst,</span> <span class='ocrx_word' id='word_1_15' title='bbox 211 400 279 466; x_wconf 86' lang='lat' dir='ltr'>quud</span> <span class='ocrx_word' id='word_1_16' title='bbox 315 418 368 452; x_wconf 91' lang='lat' dir='ltr'>non</span> <span class='ocrx_word' id='word_1_17' title='bbox 400 394 544 447; x_wconf 70' lang='lat' dir='ltr'>immediate</span> <span class='ocrx_word' id='word_1_18' title='bbox 570 394 641 444; x_wconf 81' lang='lat' dir='ltr'>Deus</span> <span class='ocrx_word' id='word_1_19' title='bbox 701 391 777 445; x_wconf 76' lang='lat' dir='ltr'>sistas</span> <span class='ocrx_word' id='word_1_20' title='bbox 799 391 842 454; x_wconf 82' lang='grc'><strong>20,</strong></span> <span class='ocrx_word' id='word_1_21' title='bbox 862 389 970 454; x_wconf 56' lang='grc' dir='ltr'><strong>22μῆ</strong></span> <span class='ocrx_word' id='word_1_22' title='bbox 991 388 1035 454; x_wconf 78' lang='grc'><strong>26,</strong></span> <span class='ocrx_word' id='word_1_23' title='bbox 1056 387 1099 442; x_wconf 83' lang='grc'>27.</span> <span class='ocrx_word' id='word_1_24' title='bbox 1125 403 1150 440; x_wconf 86' lang='lat' dir='ltr'>et</span> <span class='ocrx_word' id='word_1_25' title='bbox 1170 387 1211 439; x_wconf 90' lang='lat' dir='ltr'><strong>llI.</strong></span> 
     </span>
    </p>
   </div>
   <div class='ocr_carea' id='block_1_3' title="bbox 130 456 1212 591">
    <p class='ocr_par' dir='ltr' id='par_1_3' title="bbox 130 456 1212 591">
     <span class='ocr_line' id='line_1_4' title="bbox 130 456 1212 530; baseline -0.014 -10"><span class='ocrx_word' id='word_1_26' title='bbox 130 468 251 520; x_wconf 80' lang='lat' dir='ltr'>lsrarlitas</span> <span class='ocrx_word' id='word_1_27' title='bbox 278 467 308 517; x_wconf 92' lang='lat' dir='ltr'>ad</span> <span class='ocrx_word' id='word_1_28' title='bbox 327 461 565 530; x_wconf 79' lang='lat' dir='ltr'>contemplationem</span> <span class='ocrx_word' id='word_1_29' title='bbox 584 480 643 512; x_wconf 76' lang='grc' dir='ltr'>ωε·</span> <span class='ocrx_word' id='word_1_30' title='bbox 962 498 967 513; x_wconf 82' lang='grc'>.</span> <span class='ocrx_word' id='word_1_31' title='bbox 1126 456 1170 511; x_wconf 87' lang='grc'>24.</span> <span class='ocrx_word' id='word_1_32' title='bbox 1188 456 1212 508; x_wconf 85' lang='grc'>7.</span> 
     </span>
     <span class='ocr_line' id='line_1_5' title="bbox 666 498 1066 591; baseline -0.01 -13"><span class='ocrx_word' id='word_1_33' title='bbox 666 498 820 591; x_wconf 84' lang='lat' dir='ltr'>Tolerantia.</span> <span class='ocrx_word' id='word_1_34' title='bbox 855 525 919 577; x_wconf 77' lang='lat' dir='ltr'>victe</span> <span class='ocrx_word' id='word_1_35' title='bbox 937 523 1066 577; x_wconf 72' lang='lat' dir='ltr'>Patientia.</span> 
     </span>
    </p>
   </div>
   <div class='ocr_carea' id='block_1_4' title="bbox 89 528 1251 656">
    <p class='ocr_par' dir='ltr' id='par_1_4' title="bbox 89 528 1251 656">
     <span class='ocr_line' id='line_1_6' title="bbox 89 528 643 590; baseline -0.018 -1"><span class='ocrx_word' id='word_1_36' title='bbox 89 566 92 571; x_wconf 92' lang='lat'>·</span> <span class='ocrx_word' id='word_1_37' title='bbox 128 537 199 589; x_wconf 84' lang='lat' dir='ltr'>lestis</span> <span class='ocrx_word' id='word_1_38' title='bbox 217 535 376 586; x_wconf 80' lang='lat' dir='ltr'>baereditatis</span> <span class='ocrx_word' id='word_1_39' title='bbox 393 531 497 590; x_wconf 74' lang='lat' dir='ltr'>duxerit,</span> <span class='ocrx_word' id='word_1_40' title='bbox 515 531 561 582; x_wconf 83' lang='lat' dir='ltr'>aed</span> <span class='ocrx_word' id='word_1_41' title='bbox 575 528 643 580; x_wconf 81' lang='lat' dir='ltr'>rabi-</span> 
     </span>
     <span class='ocr_line' id='line_1_7' title="bbox 133 592 1251 656; baseline -0.012 0"><span class='ocrx_word' id='word_1_42' title='bbox 133 604 216 656; x_wconf 87' lang='lat' dir='ltr'>buerit</span> <span class='ocrx_word' id='word_1_43' title='bbox 245 603 349 653; x_wconf 83' lang='lat' dir='ltr'>terrenis</span> <span class='ocrx_word' id='word_1_44' title='bbox 377 600 502 653; x_wconf 78' lang='lat' dir='ltr'>benefieiis</span> <span class='ocrx_word' id='word_1_45' title='bbox 530 597 642 649; x_wconf 85' lang='lat' dir='ltr'>vestitam</span> <span class='ocrx_word' id='word_1_46' title='bbox 667 594 812 647; x_wconf 78' lang='lat' dir='ltr'>Tonsorem</span> <span class='ocrx_word' id='word_1_47' title='bbox 838 594 977 647; x_wconf 68' lang='lat' dir='ltr'>clericalem</span> <span class='ocrx_word' id='word_1_48' title='bbox 1004 593 1079 645; x_wconf 83' lang='lat' dir='ltr'>undo.</span> <span class='ocrx_word' id='word_1_49' title='bbox 1096 592 1211 646; x_wconf 76' lang='lat' dir='ltr'>derivent</span> <span class='ocrx_word' id='word_1_50' title='bbox 1248 640 1251 655; x_wconf 70' lang='lat'>·,</span> 
     </span>
    </p>
   </div>
   <div class='ocr_carea' id='block_1_5' title="bbox 130 660 1214 942">
    <p class='ocr_par' dir='ltr' id='par_1_5' title="bbox 130 660 1214 942">
     <span class='ocr_line' id='line_1_8' title="bbox 130 660 1211 735; baseline -0.012 -10"><span class='ocrx_word' id='word_1_51' title='bbox 130 674 160 725; x_wconf 88' lang='lat' dir='ltr'>ll-</span> <span class='ocrx_word' id='word_1_52' title='bbox 185 670 225 722; x_wconf 88' lang='lat' dir='ltr'>ll.</span> <span class='ocrx_word' id='word_1_53' title='bbox 244 668 269 733; x_wconf 80' lang='grc'>1,</span> <span class='ocrx_word' id='word_1_54' title='bbox 285 670 311 731; x_wconf 76' lang='grc'><strong>2,</strong></span> <span class='ocrx_word' id='word_1_55' title='bbox 328 670 352 722; x_wconf 80' lang='grc'>3.</span> <span class='ocrx_word' id='word_1_56' title='bbox 375 669 465 728; x_wconf 84' lang='lat' dir='ltr'>altera,</span> <span class='ocrx_word' id='word_1_57' title='bbox 486 665 556 735; x_wconf 90' lang='lat' dir='ltr'>quod</span> <span class='ocrx_word' id='word_1_58' title='bbox 575 684 644 729; x_wconf 72' lang='lat' dir='ltr'>nuno</span> <span class='ocrx_word' id='word_1_59' title='bbox 667 684 670 691; x_wconf 77' lang='lat'>¹</span> <span class='ocrx_word' id='word_1_60' title='bbox 702 661 817 733; x_wconf 79' lang='lat' dir='ltr'>Papistac</span> <span class='ocrx_word' id='word_1_61' title='bbox 833 677 857 715; x_wconf 84' lang='lat' dir='ltr'>et</span> <span class='ocrx_word' id='word_1_62' title='bbox 874 683 905 714; x_wconf 91' lang='lat' dir='ltr'>au</span> <span class='ocrx_word' id='word_1_63' title='bbox 924 660 995 712; x_wconf 83' lang='lat' dir='ltr'>Pauli</span> <span class='ocrx_word' id='word_1_64' title='bbox 1005 660 1085 728; x_wconf 88' lang='lat' dir='ltr'>possit</span> <span class='ocrx_word' id='word_1_65' title='bbox 1096 664 1211 730; x_wconf 78' lang='lat' dir='ltr'>exemplo</span> 
     </span>
     <span class='ocr_line' id='line_1_9' title="bbox 131 728 1214 801; baseline -0.008 -11"><span class='ocrx_word' id='word_1_66' title='bbox 131 740 242 794; x_wconf 85' lang='lat' dir='ltr'>solidum</span> <span class='ocrx_word' id='word_1_67' title='bbox 259 737 335 790; x_wconf 87' lang='lat' dir='ltr'>nobis</span> <span class='ocrx_word' id='word_1_68' title='bbox 355 749 494 789; x_wconf 82' lang='lat' dir='ltr'>ostentetur</span> <span class='ocrx_word' id='word_1_69' title='bbox 511 752 602 801; x_wconf 87' lang='lat' dir='ltr'>corpus</span> <span class='ocrx_word' id='word_1_70' title='bbox 620 745 645 783; x_wconf 86' lang='lat' dir='ltr'>et</span> <span class='ocrx_word' id='word_1_71' title='bbox 702 730 819 785; x_wconf 84' lang='lat' dir='ltr'>defendi:</span> <span class='ocrx_word' id='word_1_72' title='bbox 835 730 970 783; x_wconf 78' lang='lat' dir='ltr'>tersitem</span> <span class='ocrx_word' id='word_1_73' title='bbox 985 729 1040 781; x_wconf 88' lang='lat' dir='ltr'>eius</span> <span class='ocrx_word' id='word_1_74' title='bbox 1052 728 1132 791; x_wconf 69' lang='lat' dir='ltr'>urigo.</span> <span class='ocrx_word' id='word_1_75' title='bbox 1148 749 1214 798; x_wconf 84' lang='lat' dir='ltr'>quae</span> 
     </span>
     <span class='ocr_line' id='line_1_10' title="bbox 132 795 1213 877; baseline -0.008 -18"><span class='ocrx_word' id='word_1_76' title='bbox 132 826 250 877; x_wconf 83' lang='lat' dir='ltr'>praesens</span> <span class='ocrx_word' id='word_1_77' title='bbox 266 806 363 865; x_wconf 75' lang='lat' dir='ltr'>ueritas.</span> <span class='ocrx_word' id='word_1_78' title='bbox 380 821 440 857; x_wconf 89' lang='lat' dir='ltr'>tunc</span> <span class='ocrx_word' id='word_1_79' title='bbox 457 802 575 864; x_wconf 68' lang='lat' dir='ltr'>imagines</span> <span class='ocrx_word' id='word_1_80' title='bbox 589 814 643 852; x_wconf 87' lang='lat' dir='ltr'>tan·</span> <span class='ocrx_word' id='word_1_81' title='bbox 702 815 789 868; x_wconf 89' lang='lat' dir='ltr'>postea</span> <span class='ocrx_word' id='word_1_82' title='bbox 806 815 923 867; x_wconf 81' lang='lat' dir='ltr'>corrupta</span> <span class='ocrx_word' id='word_1_83' title='bbox 993 797 1037 851; x_wconf 87' lang='lat' dir='ltr'><strong>lV.</strong></span> <span class='ocrx_word' id='word_1_84' title='bbox 1054 795 1096 849; x_wconf 84' lang='grc'>19.</span> <span class='ocrx_word' id='word_1_85' title='bbox 1113 795 1155 856; x_wconf 80' lang='grc'><strong>20,</strong></span> <span class='ocrx_word' id='word_1_86' title='bbox 1170 798 1213 850; x_wconf 86' lang='grc'>27.</span> 
     </span>
     <span class='ocr_line' id='line_1_11' title="bbox 133 858 1213 942; baseline -0.009 -15"><span class='ocrx_word' id='word_1_87' title='bbox 133 892 187 927; x_wconf 88' lang='lat' dir='ltr'>tum</span> <span class='ocrx_word' id='word_1_88' title='bbox 215 888 241 926; x_wconf 87' lang='lat' dir='ltr'>et</span> <span class='ocrx_word' id='word_1_89' title='bbox 268 873 381 942; x_wconf 84' lang='lat' dir='ltr'>corporis</span> <span class='ocrx_word' id='word_1_90' title='bbox 407 871 516 922; x_wconf 85' lang='lat' dir='ltr'>absentis</span> <span class='ocrx_word' id='word_1_91' title='bbox 540 872 645 921; x_wconf 88' lang='lat' dir='ltr'>umbrae</span> <span class='ocrx_word' id='word_1_92' title='bbox 669 865 783 920; x_wconf 84' lang='lat' dir='ltr'>Tradere</span> <span class='ocrx_word' id='word_1_93' title='bbox 797 868 904 919; x_wconf 88' lang='lat' dir='ltr'>Satanae</span> <span class='ocrx_word' id='word_1_94' title='bbox 920 858 982 936; x_wconf 89' lang='lat' dir='ltr'>quid</span> <span class='ocrx_word' id='word_1_95' title='bbox 1033 898 1038 903; x_wconf 94' lang='lat'>·</span> <span class='ocrx_word' id='word_1_96' title='bbox 1066 864 1213 921; x_wconf 53' lang='grc'><strong>12125.</strong></span> 
     </span>
    </p>
   </div>
   <div class='ocr_carea' id='block_1_6' title="bbox 133 934 1214 1005">
    <p class='ocr_par' dir='ltr' id='par_1_6' title="bbox 133 934 1214 1005">
     <span class='ocr_line' id='line_1_12' title="bbox 133 934 1214 1005; baseline -0.007 -10"><span class='ocrx_word' id='word_1_97' title='bbox 133 942 269 995; x_wconf 70' lang='lat' dir='ltr'>exstiterint</span> <span class='ocrx_word' id='word_1_98' title='bbox 290 942 317 1003; x_wconf 81' lang='grc'>4,</span> <span class='ocrx_word' id='word_1_99' title='bbox 336 942 364 1002; x_wconf 88' lang='lat'>5,</span> <span class='ocrx_word' id='word_1_100' title='bbox 384 937 410 994; x_wconf 83' lang='grc'>6.</span> <span class='ocrx_word' id='word_1_101' title='bbox 449 937 547 999; x_wconf 76' lang='lat' dir='ltr'>Tertia,</span> <span class='ocrx_word' id='word_1_102' title='bbox 573 937 643 1005; x_wconf 87' lang='lat' dir='ltr'>quod</span> <span class='ocrx_word' id='word_1_103' title='bbox 670 934 848 988; x_wconf 84' lang='lat' dir='ltr'>Traditionum</span> <span class='ocrx_word' id='word_1_104' title='bbox 865 935 1032 986; x_wconf 80' lang='lat' dir='ltr'>humansrum</span> <span class='ocrx_word' id='word_1_105' title='bbox 1049 954 1079 984; x_wconf 86' lang='lat' dir='ltr'>ea</span> <span class='ocrx_word' id='word_1_106' title='bbox 1091 953 1122 985; x_wconf 91' lang='lat' dir='ltr'>eo</span> <span class='ocrx_word' id='word_1_107' title='bbox 1135 935 1214 1002; x_wconf 78' lang='lat' dir='ltr'>liquet</span> 
     </span>
    </p>
   </div>
   <div class='ocr_carea' id='block_1_7' title="bbox 131 1003 671 1074">
    <p class='ocr_par' dir='ltr' id='par_1_7' title="bbox 131 1003 671 1074">
     <span class='ocr_line' id='line_1_13' title="bbox 131 1003 671 1074; baseline -0.019 -11"><span class='ocrx_word' id='word_1_108' title='bbox 131 1013 209 1063; x_wconf 78' lang='lat' dir='ltr'>Vetus</span> <span class='ocrx_word' id='word_1_109' title='bbox 227 1008 302 1061; x_wconf 85' lang='lat' dir='ltr'>fuerit</span> <span class='ocrx_word' id='word_1_110' title='bbox 319 1010 437 1068; x_wconf 79' lang='lat' dir='ltr'>litterale.</span> <span class='ocrx_word' id='word_1_111' title='bbox 456 1006 556 1057; x_wconf 83' lang='lat' dir='ltr'>Norum</span> <span class='ocrx_word' id='word_1_112' title='bbox 573 1003 646 1074; x_wconf 86' lang='lat' dir='ltr'>spiri·</span> <span class='ocrx_word' id='word_1_113' title='bbox 668 1042 671 1047; x_wconf 84' lang='lat'><strong>.</strong></span> 
     </span>
    </p>
   </div>
   <div class='ocr_carea' id='block_1_8' title="bbox 105 1071 669 3719">
    <p class='ocr_par' dir='ltr' id='par_1_8' title="bbox 105 1071 669 3719">
     <span class='ocr_line' id='line_1_14' title="bbox 134 1071 667 1145; baseline -0.021 -13"><span class='ocrx_word' id='word_1_114' title='bbox 134 1081 215 1139; x_wconf 78' lang='lat' dir='ltr'>tuale,</span> <span class='ocrx_word' id='word_1_115' title='bbox 237 1098 301 1145; x_wconf 88' lang='lat' dir='ltr'>quae</span> <span class='ocrx_word' id='word_1_116' title='bbox 323 1075 463 1129; x_wconf 84' lang='lat' dir='ltr'>differentia</span> <span class='ocrx_word' id='word_1_117' title='bbox 491 1076 545 1125; x_wconf 88' lang='lat' dir='ltr'>fuse</span> <span class='ocrx_word' id='word_1_118' title='bbox 566 1071 646 1140; x_wconf 79' lang='lat' dir='ltr'>expli·</span> <span class='ocrx_word' id='word_1_119' title='bbox 666 1096 667 1101; x_wconf 48' lang='lat'>¹</span> 
     </span>
     <span class='ocr_line' id='line_1_15' title="bbox 135 1139 651 1211; baseline -0.021 -11"><span class='ocrx_word' id='word_1_120' title='bbox 135 1164 205 1200; x_wconf 82' lang='lat' dir='ltr'>catur</span> <span class='ocrx_word' id='word_1_121' title='bbox 227 1145 252 1207; x_wconf 79' lang='grc'>7,</span> <span class='ocrx_word' id='word_1_122' title='bbox 269 1144 293 1197; x_wconf 81' lang='grc'><strong>8.</strong></span> <span class='ocrx_word' id='word_1_123' title='bbox 308 1156 345 1196; x_wconf 81' lang='lat' dir='ltr'>&#39;ex</span> <span class='ocrx_word' id='word_1_124' title='bbox 367 1164 414 1211; x_wconf 83' lang='lat' dir='ltr'>qua</span> <span class='ocrx_word' id='word_1_125' title='bbox 433 1158 519 1211; x_wconf 79' lang='lat' dir='ltr'>quarta</span> <span class='ocrx_word' id='word_1_126' title='bbox 536 1139 651 1202; x_wconf 71' lang='lat' dir='ltr'>emergit,</span> 
     </span>
     <span class='ocr_line' id='line_1_16' title="bbox 135 1211 646 1268; baseline -0.016 -2"><span class='ocrx_word' id='word_1_127' title='bbox 135 1216 198 1266; x_wconf 88' lang='lat' dir='ltr'>illud</span> <span class='ocrx_word' id='word_1_128' title='bbox 217 1213 284 1264; x_wconf 88' lang='lat' dir='ltr'>enim</span> <span class='ocrx_word' id='word_1_129' title='bbox 301 1211 427 1265; x_wconf 74' lang='lat' dir='ltr'>servitutis</span> <span class='ocrx_word' id='word_1_130' title='bbox 446 1212 507 1268; x_wconf 86' lang='lat' dir='ltr'>fuit,</span> <span class='ocrx_word' id='word_1_131' title='bbox 530 1221 646 1260; x_wconf 86' lang='lat' dir='ltr'>nostrum</span> 
     </span>
     <span class='ocr_line' id='line_1_17' title="bbox 136 1277 646 1349; baseline -0.02 -16"><span class='ocrx_word' id='word_1_132' title='bbox 136 1282 258 1334; x_wconf 82' lang='lat' dir='ltr'>libertatis</span> <span class='ocrx_word' id='word_1_133' title='bbox 275 1279 300 1334; x_wconf 85' lang='grc'>9.</span> <span class='ocrx_word' id='word_1_134' title='bbox 319 1296 344 1332; x_wconf 84' lang='lat' dir='ltr'>et</span> <span class='ocrx_word' id='word_1_135' title='bbox 360 1301 411 1349; x_wconf 86' lang='lat' dir='ltr'>quo</span> <span class='ocrx_word' id='word_1_136' title='bbox 428 1297 503 1331; x_wconf 88' lang='lat' dir='ltr'>sensu</span> <span class='ocrx_word' id='word_1_137' title='bbox 523 1277 646 1343; x_wconf 87' lang='lat' dir='ltr'>posteriu-</span> 
     </span>
     <span class='ocr_line' id='line_1_18' title="bbox 136 1341 646 1412; baseline -0.02 -9"><span class='ocrx_word' id='word_1_138' title='bbox 136 1373 174 1403; x_wconf 88' lang='lat' dir='ltr'>res</span> <span class='ocrx_word' id='word_1_139' title='bbox 193 1365 241 1401; x_wconf 82' lang='lat' dir='ltr'>tres</span> <span class='ocrx_word' id='word_1_140' title='bbox 260 1350 416 1401; x_wconf 73' lang='lat' dir='ltr'>differentiae</span> <span class='ocrx_word' id='word_1_141' title='bbox 432 1345 595 1412; x_wconf 77' lang='lat' dir='ltr'>accipiendae</span> <span class='ocrx_word' id='word_1_142' title='bbox 605 1341 646 1398; x_wconf 93' lang='grc'>10.</span> 
     </span>
     <span class='ocr_line' id='line_1_19' title="bbox 137 1413 646 1486; baseline -0.018 -17"><span class='ocrx_word' id='word_1_143' title='bbox 137 1420 259 1486; x_wconf 84' lang='lat' dir='ltr'>Quintam</span> <span class='ocrx_word' id='word_1_144' title='bbox 272 1419 329 1469; x_wconf 87' lang='lat' dir='ltr'>facit</span> <span class='ocrx_word' id='word_1_145' title='bbox 341 1415 438 1466; x_wconf 81' lang='lat' dir='ltr'>vocatio</span> <span class='ocrx_word' id='word_1_146' title='bbox 452 1413 570 1477; x_wconf 74' lang='lat' dir='ltr'>gentium.</span> <span class='ocrx_word' id='word_1_147' title='bbox 588 1431 646 1461; x_wconf 88' lang='lat' dir='ltr'>cum</span> 
     </span>
     <span class='ocr_line' id='line_1_20' title="bbox 138 1485 647 1541; baseline -0.016 -4"><span class='ocrx_word' id='word_1_148' title='bbox 138 1501 209 1538; x_wconf 79' lang='lat' dir='ltr'>antea</span> <span class='ocrx_word' id='word_1_149' title='bbox 231 1485 275 1535; x_wconf 76' lang='lat' dir='ltr'>Dei</span> <span class='ocrx_word' id='word_1_150' title='bbox 294 1486 384 1536; x_wconf 87' lang='lat' dir='ltr'>foedus</span> <span class='ocrx_word' id='word_1_151' title='bbox 402 1485 433 1533; x_wconf 88' lang='lat' dir='ltr'>ad</span> <span class='ocrx_word' id='word_1_152' title='bbox 452 1490 531 1531; x_wconf 89' lang='lat' dir='ltr'>nnam&#39;</span> <span class='ocrx_word' id='word_1_153' title='bbox 547 1497 647 1541; x_wconf 68' lang='lat' dir='ltr'>pentem</span> 
     </span>
     <span class='ocr_line' id='line_1_21' title="bbox 135 1545 647 1608; baseline -0.016 -2"><span class='ocrx_word' id='word_1_154' title='bbox 135 1552 294 1606; x_wconf 77' lang='lat' dir='ltr'>Israeliticam</span> <span class='ocrx_word' id='word_1_155' title='bbox 312 1565 376 1604; x_wconf 84' lang='lat' dir='ltr'>esset</span> <span class='ocrx_word' id='word_1_156' title='bbox 393 1550 531 1602; x_wconf 85' lang='lat' dir='ltr'>restrictum</span> <span class='ocrx_word' id='word_1_157' title='bbox 549 1548 591 1608; x_wconf 84' lang='lat' dir='ltr'>ll,</span> <span class='ocrx_word' id='word_1_158' title='bbox 607 1545 647 1598; x_wconf 80' lang='lat'><strong>12.</strong></span> 
     </span>
     <span class='ocr_line' id='line_1_22' title="bbox 138 1612 649 1688; baseline -0.016 -16"><span class='ocrx_word' id='word_1_159' title='bbox 138 1620 284 1672; x_wconf 75' lang='lat' dir='ltr'>Contrarias:</span> <span class='ocrx_word' id='word_1_160' title='bbox 305 1612 427 1688; x_wconf 83' lang='lat' dir='ltr'>quaedam</span> <span class='ocrx_word' id='word_1_161' title='bbox 450 1618 581 1667; x_wconf 83' lang='lat' dir='ltr'>diluuntur</span> <span class='ocrx_word' id='word_1_162' title='bbox 599 1619 649 1665; x_wconf 90' lang='lat' dir='ltr'>ob-</span> 
     </span>
     <span class='ocr_line' id='line_1_23' title="bbox 137 1681 649 1756; baseline -0.01 -15"><span class='ocrx_word' id='word_1_163' title='bbox 137 1689 270 1748; x_wconf 81' lang='lat' dir='ltr'>iectiones,</span> <span class='ocrx_word' id='word_1_164' title='bbox 296 1689 388 1756; x_wconf 88' lang='lat' dir='ltr'>quibus</span> <span class='ocrx_word' id='word_1_165' title='bbox 410 1684 511 1753; x_wconf 86' lang='lat' dir='ltr'>profani</span> <span class='ocrx_word' id='word_1_166' title='bbox 532 1681 649 1736; x_wconf 78' lang='lat' dir='ltr'>homiues</span> 
     </span>
     <span class='ocr_line' id='line_1_24' title="bbox 139 1752 649 1819; baseline -0.008 -13"><span class='ocrx_word' id='word_1_167' title='bbox 139 1758 203 1807; x_wconf 83' lang='lat' dir='ltr'>bano</span> <span class='ocrx_word' id='word_1_168' title='bbox 220 1756 246 1806; x_wconf 86' lang='lat' dir='ltr'>in</span> <span class='ocrx_word' id='word_1_169' title='bbox 263 1755 425 1819; x_wconf 79' lang='lat' dir='ltr'>gubernanda</span> <span class='ocrx_word' id='word_1_170' title='bbox 442 1753 553 1805; x_wconf 73' lang='lat' dir='ltr'>Ecclesia</span> <span class='ocrx_word' id='word_1_171' title='bbox 571 1752 649 1802; x_wconf 79' lang='lat' dir='ltr'>varie-</span> 
     </span>
     <span class='ocr_line' id='line_1_25' title="bbox 138 1821 650 1884; baseline -0.012 -8"><span class='ocrx_word' id='word_1_172' title='bbox 138 1841 223 1884; x_wconf 79' lang='lat' dir='ltr'>tatem,</span> <span class='ocrx_word' id='word_1_173' title='bbox 240 1824 316 1875; x_wconf 79' lang='lat' dir='ltr'>alium</span> <span class='ocrx_word' id='word_1_174' title='bbox 333 1823 359 1874; x_wconf 94' lang='lat' dir='ltr'>in</span> <span class='ocrx_word' id='word_1_175' title='bbox 378 1822 496 1874; x_wconf 77' lang='lat' dir='ltr'>docendo</span> <span class='ocrx_word' id='word_1_176' title='bbox 510 1821 615 1872; x_wconf 89' lang='lat' dir='ltr'>modum</span> <span class='ocrx_word' id='word_1_177' title='bbox 626 1833 650 1871; x_wconf 83' lang='lat' dir='ltr'>et</span> 
     </span>
     <span class='ocr_line' id='line_1_26' title="bbox 138 1888 649 1957; baseline -0.014 -14"><span class='ocrx_word' id='word_1_178' title='bbox 138 1894 232 1944; x_wconf 87' lang='lat' dir='ltr'>rituum</span> <span class='ocrx_word' id='word_1_179' title='bbox 255 1891 512 1957; x_wconf 77' lang='lat' dir='ltr'>caerimoniarumque</span> <span class='ocrx_word' id='word_1_180' title='bbox 533 1888 649 1938; x_wconf 86' lang='lat' dir='ltr'>mutatio·</span> 
     </span>
     <span class='ocr_line' id='line_1_27' title="bbox 138 1956 650 2026; baseline -0.014 -15"><span class='ocrx_word' id='word_1_181' title='bbox 138 1981 196 2012; x_wconf 84' lang='lat' dir='ltr'>nem</span> <span class='ocrx_word' id='word_1_182' title='bbox 221 1961 357 2023; x_wconf 71' lang='lat' dir='ltr'>exagitant,</span> <span class='ocrx_word' id='word_1_183' title='bbox 378 1974 406 2009; x_wconf 89' lang='lat' dir='ltr'>ut</span> <span class='ocrx_word' id='word_1_184' title='bbox 423 1956 576 2026; x_wconf 87' lang='lat' dir='ltr'>simplicium</span> <span class='ocrx_word' id='word_1_185' title='bbox 594 1956 650 2005; x_wconf 79' lang='lat' dir='ltr'>ani·</span> 
     </span>
     <span class='ocr_line' id='line_1_28' title="bbox 139 2023 649 2095; baseline -0.008 -16"><span class='ocrx_word' id='word_1_186' title='bbox 139 2023 649 2095; x_wconf 72' lang='lat' dir='ltr'>misScriptursefrdrmesrutiant13‚l«l·</span> 
     </span>
     <span class='ocr_line' id='line_1_29' title="bbox 105 2093 650 2163; baseline -0.007 -17"><span class='ocrx_word' id='word_1_187' title='bbox 105 2095 236 2148; x_wconf 79' lang='lat' dir='ltr'>Theodori</span> <span class='ocrx_word' id='word_1_188' title='bbox 269 2096 386 2163; x_wconf 76' lang='lat' dir='ltr'>Episcopi</span> <span class='ocrx_word' id='word_1_189' title='bbox 413 2095 486 2146; x_wconf 89' lang='lat' dir='ltr'>futile</span> <span class='ocrx_word' id='word_1_190' title='bbox 513 2093 650 2153; x_wconf 73' lang='lat' dir='ltr'>imaginum</span> 
     </span>
     <span class='ocr_line' id='line_1_30' title="bbox 141 2159 651 2231; baseline -0.004 -16"><span class='ocrx_word' id='word_1_191' title='bbox 141 2162 308 2231; x_wconf 88' lang='lat' dir='ltr'>patrocinium</span> <span class='ocrx_word' id='word_1_192' title='bbox 513 2160 532 2212; x_wconf 88' lang='lat' dir='ltr'><strong>l.</strong></span> <span class='ocrx_word' id='word_1_193' title='bbox 550 2159 590 2212; x_wconf 86' lang='lat' dir='ltr'>ll·</span> <span class='ocrx_word' id='word_1_194' title='bbox 609 2159 651 2213; x_wconf 92' lang='grc'>14.</span> 
     </span>
     <span class='ocr_line' id='line_1_31' title="bbox 106 2227 652 2301; baseline -0.007 -18"><span class='ocrx_word' id='word_1_195' title='bbox 106 2232 248 2284; x_wconf 84' lang='lat' dir='ltr'>Theodosii</span> <span class='ocrx_word' id='word_1_196' title='bbox 272 2229 393 2301; x_wconf 82' lang='lat' dir='ltr'>Episcopi</span> <span class='ocrx_word' id='word_1_197' title='bbox 414 2229 531 2282; x_wconf 81' lang='lat' dir='ltr'>Mirensis</span> <span class='ocrx_word' id='word_1_198' title='bbox 556 2227 652 2295; x_wconf 80' lang='lat' dir='ltr'>similet</span> 
     </span>
     <span class='ocr_line' id='line_1_32' title="bbox 141 2294 669 2351; baseline -0.008 0"><span class='ocrx_word' id='word_1_199' title='bbox 141 2300 246 2351; x_wconf 75' lang='lat' dir='ltr'>naeniae</span> <span class='ocrx_word' id='word_1_200' title='bbox 510 2298 530 2349; x_wconf 93' lang='grc'>1.</span> <span class='ocrx_word' id='word_1_201' title='bbox 546 2295 588 2349; x_wconf 94' lang='lat' dir='ltr'>ll.</span> <span class='ocrx_word' id='word_1_202' title='bbox 608 2294 650 2348; x_wconf 80' lang='lat'>15·</span> <span class='ocrx_word' id='word_1_203' title='bbox 667 2342 669 2347; x_wconf 46' lang='lat'><strong>.</strong></span> 
     </span>
     <span class='ocr_line' id='line_1_33' title="bbox 106 2365 653 2434; baseline -0.013 -14"><span class='ocrx_word' id='word_1_204' title='bbox 106 2367 269 2421; x_wconf 75' lang='lat' dir='ltr'>Theodotius</span> <span class='ocrx_word' id='word_1_205' title='bbox 284 2365 426 2432; x_wconf 76' lang='lat' dir='ltr'>Imperator</span> <span class='ocrx_word' id='word_1_206' title='bbox 447 2365 549 2434; x_wconf 86' lang='lat' dir='ltr'>publice</span> <span class='ocrx_word' id='word_1_207' title='bbox 566 2383 653 2427; x_wconf 87' lang='lat' dir='ltr'>pecea-</span> 
     </span>
     <span class='ocr_line' id='line_1_34' title="bbox 136 2431 651 2487; baseline -0.01 0"><span class='ocrx_word' id='word_1_208' title='bbox 136 2453 194 2487; x_wconf 88' lang='lat' dir='ltr'>tum</span> <span class='ocrx_word' id='word_1_209' title='bbox 211 2455 285 2487; x_wconf 90' lang='lat' dir='ltr'>suum</span> <span class='ocrx_word' id='word_1_210' title='bbox 303 2436 432 2485; x_wconf 81' lang='lat' dir='ltr'>confessus</span> <span class='ocrx_word' id='word_1_211' title='bbox 507 2431 548 2482; x_wconf 87' lang='lat' dir='ltr'><strong>lV.</strong></span> <span class='ocrx_word' id='word_1_212' title='bbox 566 2431 608 2486; x_wconf 84' lang='lat'>12.</span> <span class='ocrx_word' id='word_1_213' title='bbox 624 2431 651 2484; x_wconf 80' lang='grc'>7.</span> 
     </span>
     <span class='ocr_line' id='line_1_35' title="bbox 105 2498 652 2570; baseline -0.011 -14"><span class='ocrx_word' id='word_1_214' title='bbox 105 2502 262 2566; x_wconf 73' lang='lat' dir='ltr'>Tlscolnpiae</span> <span class='ocrx_word' id='word_1_215' title='bbox 280 2501 426 2570; x_wconf 79' lang='lat' dir='ltr'>praecipuae</span> <span class='ocrx_word' id='word_1_216' title='bbox 443 2516 524 2570; x_wconf 88' lang='lat' dir='ltr'>partes</span> <span class='ocrx_word' id='word_1_217' title='bbox 545 2499 566 2551; x_wconf 80' lang='lat'>1·</span> <span class='ocrx_word' id='word_1_218' title='bbox 584 2498 608 2555; x_wconf 90' lang='grc'>1.</span> <span class='ocrx_word' id='word_1_219' title='bbox 626 2498 652 2553; x_wconf 93' lang='grc'>1.</span> 
     </span>
     <span class='ocr_line' id='line_1_36' title="bbox 141 2567 652 2637; baseline -0.01 -15"><span class='ocrx_word' id='word_1_220' title='bbox 141 2571 280 2634; x_wconf 68' lang='lat' dir='ltr'>&#39;l&#39;beolnpia</span> <span class='ocrx_word' id='word_1_221' title='bbox 309 2569 448 2637; x_wconf 69' lang='lat' dir='ltr'>paparum.</span> <span class='ocrx_word' id='word_1_222' title='bbox 479 2567 652 2620; x_wconf 71' lang='lat' dir='ltr'>cardinalium</span> 
     </span>
     <span class='ocr_line' id='line_1_37' title="bbox 140 2635 652 2755; baseline -0.008 -63"><span class='ocrx_word' id='word_1_223' title='bbox 140 2641 268 2709; x_wconf 85' lang='lat' dir='ltr'>totiusque</span> <span class='ocrx_word' id='word_1_224' title='bbox 284 2638 414 2690; x_wconf 85' lang='lat' dir='ltr'>llnmanae</span> <span class='ocrx_word' id='word_1_225' title='bbox 430 2638 501 2689; x_wconf 88' lang='lat' dir='ltr'>aulae</span> <span class='ocrx_word' id='word_1_226' title='bbox 518 2635 597 2755; x_wconf 68' lang='lat' dir='ltr'>qual7is</span> <span class='ocrx_word' id='word_1_227' title='bbox 608 2635 652 2752; x_wconf 52' lang='lat' dir='ltr'><strong>lg.</strong></span> 
     </span>
     <span class='ocr_line' id='line_1_38' title="bbox 107 2762 655 2899; baseline -0.004 -74"><span class='ocrx_word' id='word_1_228' title='bbox 107 2774 253 2827; x_wconf 71' lang='lat' dir='ltr'>Thesaurus</span> <span class='ocrx_word' id='word_1_229' title='bbox 269 2769 398 2825; x_wconf 80' lang='lat' dir='ltr'>Ecclesiae</span> <span class='ocrx_word' id='word_1_230' title='bbox 415 2771 477 2841; x_wconf 89' lang='lat' dir='ltr'>quid</span> <span class='ocrx_word' id='word_1_231' title='bbox 488 2762 655 2899; x_wconf 46' lang='lat' dir='ltr'>Papibstiszlfg.</span> 
     </span>
     <span class='ocr_line' id='line_1_39' title="bbox 109 2904 654 2960; baseline -0.006 0"><span class='ocrx_word' id='word_1_232' title='bbox 109 2908 225 2960; x_wconf 85' lang='lat' dir='ltr'>Thomae</span> <span class='ocrx_word' id='word_1_233' title='bbox 248 2909 280 2960; x_wconf 90' lang='lat' dir='ltr'>dc</span> <span class='ocrx_word' id='word_1_234' title='bbox 305 2905 386 2958; x_wconf 88' lang='lat' dir='ltr'>libero</span> <span class='ocrx_word' id='word_1_235' title='bbox 412 2904 514 2957; x_wconf 91' lang='lat' dir='ltr'>arbitrio</span> <span class='ocrx_word' id='word_1_236' title='bbox 531 2906 654 2959; x_wconf 89' lang='lat' dir='ltr'>sententia</span> 
     </span>
     <span class='ocr_line' id='line_1_40' title="bbox 142 2973 655 3042; baseline -0.006 -13"><span class='ocrx_word' id='word_1_237' title='bbox 142 2978 178 3032; x_wconf 38' lang='lat' dir='ltr'><strong>ll..</strong></span> <span class='ocrx_word' id='word_1_238' title='bbox 189 2977 214 3028; x_wconf 94' lang='grc'>2.</span> <span class='ocrx_word' id='word_1_239' title='bbox 231 2975 256 3029; x_wconf 93' lang='grc'>4.</span> <span class='ocrx_word' id='word_1_240' title='bbox 281 2973 360 3042; x_wconf 89' lang='lat' dir='ltr'>ipsius</span> <span class='ocrx_word' id='word_1_241' title='bbox 382 2974 477 3038; x_wconf 67' lang='lat' dir='ltr'>argutia</span> <span class='ocrx_word' id='word_1_242' title='bbox 498 2973 562 3026; x_wconf 88' lang='lat' dir='ltr'>eirca</span> <span class='ocrx_word' id='word_1_243' title='bbox 585 2994 655 3040; x_wconf 90' lang='lat' dir='ltr'>prae·</span> 
     </span>
     <span class='ocr_line' id='line_1_41' title="bbox 143 3042 655 3162; baseline -0.012 -62"><span class='ocrx_word' id='word_1_244' title='bbox 143 3043 316 3100; x_wconf 86' lang='lat' dir='ltr'>destinationis</span> <span class='ocrx_word' id='word_1_245' title='bbox 356 3042 498 3095; x_wconf 86' lang='lat' dir='ltr'>doctrinam</span> <span class='ocrx_word' id='word_1_246' title='bbox 509 3043 655 3162; x_wconf 58' lang='lat' dir='ltr'>¹1p·ef{!zlit119r</span> 
     </span>
     <span class='ocr_line' id='line_1_42' title="bbox 110 3177 654 3249; baseline -0.011 -15"><span class='ocrx_word' id='word_1_247' title='bbox 110 3181 202 3235; x_wconf 85' lang='lat' dir='ltr'>Timor</span> <span class='ocrx_word' id='word_1_248' title='bbox 217 3178 328 3249; x_wconf 86' lang='lat' dir='ltr'>primunt</span> <span class='ocrx_word' id='word_1_249' title='bbox 345 3177 370 3230; x_wconf 89' lang='lat' dir='ltr'>in</span> <span class='ocrx_word' id='word_1_250' title='bbox 390 3179 453 3230; x_wconf 88' lang='lat' dir='ltr'>orbe</span> <span class='ocrx_word' id='word_1_251' title='bbox 471 3178 529 3230; x_wconf 90' lang='lat' dir='ltr'>feeit</span> <span class='ocrx_word' id='word_1_252' title='bbox 548 3179 617 3231; x_wconf 85' lang='lat' dir='ltr'>Deos</span> <span class='ocrx_word' id='word_1_253' title='bbox 634 3178 654 3230; x_wconf 89' lang='lat'>1.</span> 
     </span>
     <span class='ocr_line' id='line_1_43' title="bbox 141 3246 655 3315; baseline -0.01 -12"><span class='ocrx_word' id='word_1_254' title='bbox 141 3251 167 3302; x_wconf 87' lang='grc'>4.</span> <span class='ocrx_word' id='word_1_255' title='bbox 184 3250 209 3302; x_wconf 91' lang='grc'>4.</span> <span class='ocrx_word' id='word_1_256' title='bbox 231 3249 308 3300; x_wconf 88' lang='lat' dir='ltr'>timor</span> <span class='ocrx_word' id='word_1_257' title='bbox 328 3246 514 3314; x_wconf 85' lang='lat' dir='ltr'>superstitiosus</span> <span class='ocrx_word' id='word_1_258' title='bbox 538 3247 607 3315; x_wconf 81' lang='lat' dir='ltr'>quir,</span> <span class='ocrx_word' id='word_1_259' title='bbox 630 3261 655 3298; x_wconf 87' lang='lat' dir='ltr'>et</span> 
     </span>
     <span class='ocr_line' id='line_1_44' title="bbox 141 3312 653 3380; baseline -0.012 -11"><span class='ocrx_word' id='word_1_260' title='bbox 141 3319 169 3369; x_wconf 92' lang='lat' dir='ltr'>io</span> <span class='ocrx_word' id='word_1_261' title='bbox 191 3318 325 3380; x_wconf 68' lang='lat' dir='ltr'>gentilibus</span> <span class='ocrx_word' id='word_1_262' title='bbox 347 3317 416 3366; x_wconf 89' lang='lat' dir='ltr'>unde</span> <span class='ocrx_word' id='word_1_263' title='bbox 439 3331 511 3365; x_wconf 83' lang='lat' dir='ltr'>natus</span> <span class='ocrx_word' id='word_1_264' title='bbox 530 3314 548 3366; x_wconf 91' lang='lat' dir='ltr'><strong>l.</strong></span> <span class='ocrx_word' id='word_1_265' title='bbox 569 3312 609 3365; x_wconf 85' lang='grc'>16.</span> <span class='ocrx_word' id='word_1_266' title='bbox 627 3313 653 3365; x_wconf 81' lang='grc'>3.</span> 
     </span>
     <span class='ocr_line' id='line_1_45' title="bbox 144 3381 654 3454; baseline -0.004 -18"><span class='ocrx_word' id='word_1_267' title='bbox 144 3386 224 3454; x_wconf 79' lang='lat' dir='ltr'>qualis</span> <span class='ocrx_word' id='word_1_268' title='bbox 244 3384 291 3436; x_wconf 80' lang='lat' dir='ltr'>Dei</span> <span class='ocrx_word' id='word_1_269' title='bbox 309 3383 384 3433; x_wconf 89' lang='lat' dir='ltr'>timor</span> <span class='ocrx_word' id='word_1_270' title='bbox 401 3384 425 3433; x_wconf 92' lang='lat' dir='ltr'>in</span> <span class='ocrx_word' id='word_1_271' title='bbox 445 3383 560 3450; x_wconf 83' lang='lat' dir='ltr'>reprobis</span> <span class='ocrx_word' id='word_1_272' title='bbox 577 3381 654 3434; x_wconf 69' lang='grc'><strong>1112.</strong></span> 
     </span>
     <span class='ocr_line' id='line_1_46' title="bbox 143 3449 655 3513; baseline -0.01 -8"><span class='ocrx_word' id='word_1_273' title='bbox 143 3453 185 3513; x_wconf 85' lang='lat'>1³.</span> <span class='ocrx_word' id='word_1_274' title='bbox 200 3452 241 3505; x_wconf 83' lang='grc'>27.</span> <span class='ocrx_word' id='word_1_275' title='bbox 258 3467 283 3505; x_wconf 87' lang='lat' dir='ltr'>et</span> <span class='ocrx_word' id='word_1_276' title='bbox 298 3453 342 3503; x_wconf 86' lang='lat' dir='ltr'>IV·</span> <span class='ocrx_word' id='word_1_277' title='bbox 361 3450 402 3503; x_wconf 93' lang='grc'>10.</span> <span class='ocrx_word' id='word_1_278' title='bbox 420 3450 462 3502; x_wconf 82' lang='grc'>23.</span> <span class='ocrx_word' id='word_1_279' title='bbox 493 3449 582 3500; x_wconf 87' lang='lat' dir='ltr'>Timor</span> <span class='ocrx_word' id='word_1_280' title='bbox 600 3451 655 3500; x_wconf 86' lang='lat' dir='ltr'>Do·</span> 
     </span>
     <span class='ocr_line' id='line_1_47' title="bbox 144 3517 654 3589; baseline -0.01 -17"><span class='ocrx_word' id='word_1_281' title='bbox 144 3521 217 3583; x_wconf 84' lang='lat' dir='ltr'>mini,</span> <span class='ocrx_word' id='word_1_282' title='bbox 234 3522 276 3589; x_wconf 85' lang='lat' dir='ltr'>qui</span> <span class='ocrx_word' id='word_1_283' title='bbox 294 3518 445 3587; x_wconf 88' lang='lat' dir='ltr'>principium</span> <span class='ocrx_word' id='word_1_284' title='bbox 463 3517 599 3585; x_wconf 86' lang='lat' dir='ltr'>sapientiae</span> <span class='ocrx_word' id='word_1_285' title='bbox 615 3518 654 3567; x_wconf 89' lang='lat' dir='ltr'>di·</span> 
     </span>
     <span class='ocr_line' id='line_1_48' title="bbox 144 3586 656 3652; baseline -0.014 -11"><span class='ocrx_word' id='word_1_286' title='bbox 144 3591 209 3641; x_wconf 84' lang='lat' dir='ltr'>citur</span> <span class='ocrx_word' id='word_1_287' title='bbox 233 3605 259 3641; x_wconf 89' lang='lat' dir='ltr'>et</span> <span class='ocrx_word' id='word_1_288' title='bbox 282 3587 399 3646; x_wconf 78' lang='lat' dir='ltr'>fidelibus</span> <span class='ocrx_word' id='word_1_289' title='bbox 421 3586 514 3652; x_wconf 81' lang='lat' dir='ltr'>possim</span> <span class='ocrx_word' id='word_1_290' title='bbox 538 3586 656 3646; x_wconf 80' lang='lat' dir='ltr'>defertur,</span> 
     </span>
     <span class='ocr_line' id='line_1_49' title="bbox 146 3652 655 3719; baseline -0.008 -11"><span class='ocrx_word' id='word_1_291' title='bbox 146 3678 178 3708; x_wconf 86' lang='lat' dir='ltr'>an</span> <span class='ocrx_word' id='word_1_292' title='bbox 205 3655 289 3708; x_wconf 84' lang='lat' dir='ltr'>sensui</span> <span class='ocrx_word' id='word_1_293' title='bbox 318 3652 429 3705; x_wconf 79' lang='lat' dir='ltr'>fiduciali</span> <span class='ocrx_word' id='word_1_294' title='bbox 448 3653 508 3706; x_wconf 85' lang='lat' dir='ltr'>fidei</span> <span class='ocrx_word' id='word_1_295' title='bbox 535 3666 655 3719; x_wconf 64' lang='lat' dir='ltr'>repugnet</span> 
     </span>
    </p>
   </div>
   <div class='ocr_carea' id='block_1_9' title="bbox 144 3721 656 3790">
    <p class='ocr_par' dir='ltr' id='par_1_9' title="bbox 144 3721 656 3790">
     <span class='ocr_line' id='line_1_50' title="bbox 144 3721 656 3790; baseline -0.01 -13"><span class='ocrx_word' id='word_1_296' title='bbox 144 3726 186 3777; x_wconf 86' lang='lat' dir='ltr'>lll.</span> <span class='ocrx_word' id='word_1_297' title='bbox 207 3725 234 3777; x_wconf 85' lang='lat'>2.</span> <span class='ocrx_word' id='word_1_298' title='bbox 254 3723 293 3775; x_wconf 74' lang='grc'><strong>20</strong></span> <span class='ocrx_word' id='word_1_299' title='bbox 317 3724 404 3775; x_wconf 80' lang='lat' dir='ltr'>fidefes</span> <span class='ocrx_word' id='word_1_300' title='bbox 421 3721 521 3790; x_wconf 86' lang='lat' dir='ltr'>saepius</span> <span class='ocrx_word' id='word_1_301' title='bbox 538 3721 656 3772; x_wconf 82' lang='lat' dir='ltr'>laborant</span> 
     </span>
    </p>
   </div>
   <div class='ocr_carea' id='block_1_10' title="bbox 703 1001 1216 1274">
    <p class='ocr_par' dir='ltr' id='par_1_10' title="bbox 703 1001 1216 1274">
     <span class='ocr_line' id='line_1_51' title="bbox 703 1001 1215 1085; baseline -0.002 -30"><span class='ocrx_word' id='word_1_302' title='bbox 703 1005 844 1064; x_wconf 70' lang='lat' dir='ltr'>inutilitas.</span> <span class='ocrx_word' id='word_1_303' title='bbox 862 1005 932 1085; x_wconf 70' lang='lat' dir='ltr'>spuod</span> <span class='ocrx_word' id='word_1_304' title='bbox 954 1003 1038 1064; x_wconf 79' lang='lat' dir='ltr'>Deus.</span> <span class='ocrx_word' id='word_1_305' title='bbox 1058 1001 1215 1054; x_wconf 75' lang='lat' dir='ltr'>exhibiturus</span> 
     </span>
     <span class='ocr_line' id='line_1_52' title="bbox 703 1071 1215 1136; baseline -0.008 -12"><span class='ocrx_word' id='word_1_306' title='bbox 703 1093 775 1124; x_wconf 87' lang='lat' dir='ltr'>rerae</span> <span class='ocrx_word' id='word_1_307' title='bbox 800 1072 908 1124; x_wconf 75' lang='lat' dir='ltr'>iustitiae</span> <span class='ocrx_word' id='word_1_308' title='bbox 931 1073 1055 1136; x_wconf 68' lang='lat' dir='ltr'>regulam,</span> <span class='ocrx_word' id='word_1_309' title='bbox 1083 1071 1116 1122; x_wconf 78' lang='lat' dir='ltr'>ad</span> <span class='ocrx_word' id='word_1_310' title='bbox 1142 1090 1215 1123; x_wconf 88' lang='lat' dir='ltr'>auam</span> 
     </span>
     <span class='ocr_line' id='line_1_53' title="bbox 703 1141 1216 1192; baseline 0.002 -2"><span class='ocrx_word' id='word_1_311' title='bbox 703 1144 855 1192; x_wconf 78' lang='lat' dir='ltr'>voluntatem</span> <span class='ocrx_word' id='word_1_312' title='bbox 870 1160 959 1191; x_wconf 86' lang='lat' dir='ltr'>omnes</span> <span class='ocrx_word' id='word_1_313' title='bbox 976 1141 1028 1192; x_wconf 83' lang='lat' dir='ltr'>eius</span> <span class='ocrx_word' id='word_1_314' title='bbox 1064 1152 1127 1191; x_wconf 81' lang='lat' dir='ltr'>artes</span> <span class='ocrx_word' id='word_1_315' title='bbox 1144 1158 1216 1191; x_wconf 81' lang='lat' dir='ltr'>rern-</span> 
     </span>
     <span class='ocr_line' id='line_1_54' title="bbox 703 1159 1215 1274; baseline -0.002 -15"><span class='ocrx_word' id='word_1_316' title='bbox 703 1209 767 1261; x_wconf 79' lang='lat' dir='ltr'>earit</span> <span class='ocrx_word' id='word_1_317' title='bbox 783 1208 812 1261; x_wconf 87' lang='lat' dir='ltr'><strong>Il.</strong></span> <span class='ocrx_word' id='word_1_318' title='bbox 830 1206 853 1259; x_wconf 82' lang='grc'>8.</span> <span class='ocrx_word' id='word_1_319' title='bbox 867 1208 891 1260; x_wconf 74' lang='lat'>5.</span> <span class='ocrx_word' id='word_1_320' title='bbox 911 1228 997 1260; x_wconf 83' lang='lat' dir='ltr'>earum</span> <span class='ocrx_word' id='word_1_321' title='bbox 1015 1159 1215 1274; x_wconf 71' lang='lat' dir='ltr'>refpurissima·</span> 
     </span>
    </p>
   </div>
   <div class='ocr_carea' id='block_1_11' title="bbox 703 1272 1311 1344">
    <p class='ocr_par' dir='ltr' id='par_1_11' title="bbox 703 1272 1311 1344">
     <span class='ocr_line' id='line_1_55' title="bbox 703 1272 1311 1344; baseline 0.002 -16"><span class='ocrx_word' id='word_1_322' title='bbox 703 1296 759 1328; x_wconf 80' lang='lat' dir='ltr'>rum</span> <span class='ocrx_word' id='word_1_323' title='bbox 770 1276 883 1344; x_wconf 80' lang='lat' dir='ltr'>impietas</span> <span class='ocrx_word' id='word_1_324' title='bbox 895 1276 1017 1338; x_wconf 68' lang='lat' dir='ltr'>detegitur</span> <span class='ocrx_word' id='word_1_325' title='bbox 1027 1276 1069 1328; x_wconf 89' lang='lat' dir='ltr'><strong>lV.</strong></span> <span class='ocrx_word' id='word_1_326' title='bbox 1078 1272 1118 1326; x_wconf 89' lang='grc'>10.</span> <span class='ocrx_word' id='word_1_327' title='bbox 1131 1275 1215 1329; x_wconf 82' lang='grc'>1-8,</span> <span class='ocrx_word' id='word_1_328' title='bbox 1307 1303 1311 1310; x_wconf 92' lang='grc'><em>·</em></span> 
     </span>
    </p>
   </div>
   <div class='ocr_carea' id='block_1_12' title="bbox 704 1344 1279 2486">
    <p class='ocr_par' dir='ltr' id='par_1_12' title="bbox 704 1344 1279 2486">
     <span class='ocr_line' id='line_1_56' title="bbox 704 1344 1215 1412; baseline 0 -17"><span class='ocrx_word' id='word_1_329' title='bbox 704 1346 736 1396; x_wconf 85' lang='lat' dir='ltr'>de</span> <span class='ocrx_word' id='word_1_330' title='bbox 763 1344 985 1397; x_wconf 80' lang='lat' dir='ltr'>constitutionibus</span> <span class='ocrx_word' id='word_1_331' title='bbox 1011 1344 1144 1412; x_wconf 85' lang='lat' dir='ltr'>speciatim</span> <span class='ocrx_word' id='word_1_332' title='bbox 1159 1344 1215 1395; x_wconf 72' lang='grc' dir='ltr'>«Ρι-</span> 
     </span>
     <span class='ocr_line' id='line_1_57' title="bbox 704 1411 1216 1482; baseline 0.006 -21"><span class='ocrx_word' id='word_1_333' title='bbox 704 1411 799 1482; x_wconf 78' lang='lat' dir='ltr'>pisticis</span> <span class='ocrx_word' id='word_1_334' title='bbox 822 1415 943 1480; x_wconf 84' lang='lat' dir='ltr'>(quarum</span> <span class='ocrx_word' id='word_1_335' title='bbox 957 1413 1028 1469; x_wconf 59' lang='lat' dir='ltr'>aliae</span> <span class='ocrx_word' id='word_1_336' title='bbox 1051 1413 1125 1474; x_wconf 82' lang='lat' dir='ltr'>ritus,</span> <span class='ocrx_word' id='word_1_337' title='bbox 1152 1413 1216 1464; x_wconf 81' lang='lat' dir='ltr'>aliae</span> 
     </span>
     <span class='ocr_line' id='line_1_58' title="bbox 705 1479 1217 1548; baseline 0.002 -17"><span class='ocrx_word' id='word_1_338' title='bbox 705 1480 864 1548; x_wconf 70' lang='lat' dir='ltr'>disciplinam</span> <span class='ocrx_word' id='word_1_339' title='bbox 883 1495 993 1546; x_wconf 86' lang='lat' dir='ltr'>spectare</span> <span class='ocrx_word' id='word_1_340' title='bbox 1016 1479 1151 1548; x_wconf 83' lang='lat' dir='ltr'>ridentur)</span> <span class='ocrx_word' id='word_1_341' title='bbox 1175 1502 1217 1532; x_wconf 87' lang='lat' dir='ltr'>ea-</span> 
     </span>
     <span class='ocr_line' id='line_1_59' title="bbox 705 1548 1216 1615; baseline 0 -15"><span class='ocrx_word' id='word_1_342' title='bbox 705 1568 812 1615; x_wconf 79' lang='lat' dir='ltr'>rumque</span> <span class='ocrx_word' id='word_1_343' title='bbox 834 1548 942 1600; x_wconf 79' lang='lat' dir='ltr'>ranitate</span> <span class='ocrx_word' id='word_1_344' title='bbox 958 1563 982 1599; x_wconf 90' lang='lat' dir='ltr'>et</span> <span class='ocrx_word' id='word_1_345' title='bbox 999 1549 1145 1612; x_wconf 65' lang='lat' dir='ltr'>sacrilegiis,</span> <span class='ocrx_word' id='word_1_346' title='bbox 1161 1562 1216 1600; x_wconf 89' lang='lat' dir='ltr'>tum</span> 
     </span>
     <span class='ocr_line' id='line_1_60' title="bbox 706 1615 1217 1686; baseline 0.006 -20"><span class='ocrx_word' id='word_1_347' title='bbox 706 1619 775 1686; x_wconf 91' lang='lat' dir='ltr'>quod</span> <span class='ocrx_word' id='word_1_348' title='bbox 795 1617 820 1667; x_wconf 91' lang='lat' dir='ltr'>in</span> <span class='ocrx_word' id='word_1_349' title='bbox 839 1616 869 1668; x_wconf 88' lang='lat' dir='ltr'>iis</span> <span class='ocrx_word' id='word_1_350' title='bbox 878 1615 1045 1669; x_wconf 87' lang='lat' dir='ltr'>constituatur</span> <span class='ocrx_word' id='word_1_351' title='bbox 1055 1619 1146 1680; x_wconf 80' lang='lat' dir='ltr'>cultus,</span> <span class='ocrx_word' id='word_1_352' title='bbox 1161 1631 1217 1669; x_wconf 91' lang='lat' dir='ltr'>tum</span> 
     </span>
     <span class='ocr_line' id='line_1_61' title="bbox 706 1684 1217 1752; baseline 0 -15"><span class='ocrx_word' id='word_1_353' title='bbox 706 1686 780 1737; x_wconf 88' lang='lat' dir='ltr'>ctiam</span> <span class='ocrx_word' id='word_1_354' title='bbox 804 1685 863 1752; x_wconf 85' lang='lat' dir='ltr'>quia</span> <span class='ocrx_word' id='word_1_355' title='bbox 886 1684 1002 1748; x_wconf 71' lang='lat' dir='ltr'>religiosa</span> <span class='ocrx_word' id='word_1_356' title='bbox 1024 1685 1170 1737; x_wconf 84' lang='lat' dir='ltr'>necessitate</span> <span class='ocrx_word' id='word_1_357' title='bbox 1186 1686 1217 1738; x_wconf 90' lang='lat' dir='ltr'>iis</span> 
     </span>
     <span class='ocr_line' id='line_1_62' title="bbox 706 1752 1218 1821; baseline 0.004 -19"><span class='ocrx_word' id='word_1_358' title='bbox 706 1752 895 1815; x_wconf 72' lang='lat' dir='ltr'>adstringuntur</span> <span class='ocrx_word' id='word_1_359' title='bbox 929 1753 1111 1812; x_wconf 84' lang='lat' dir='ltr'>conscientiae,</span> <span class='ocrx_word' id='word_1_360' title='bbox 1147 1756 1218 1821; x_wconf 84' lang='lat' dir='ltr'>quod</span> 
     </span>
     <span class='ocr_line' id='line_1_63' title="bbox 706 1812 1217 1889; baseline 0 -15"><span class='ocrx_word' id='word_1_361' title='bbox 706 1821 766 1874; x_wconf 84' lang='lat' dir='ltr'>item</span> <span class='ocrx_word' id='word_1_362' title='bbox 784 1821 814 1873; x_wconf 91' lang='lat' dir='ltr'>iis</span> <span class='ocrx_word' id='word_1_363' title='bbox 832 1822 874 1872; x_wconf 82' lang='lat' dir='ltr'>frat</span> <span class='ocrx_word' id='word_1_364' title='bbox 890 1812 989 1871; x_wconf 90' lang='lat' dir='ltr'>irritum</span> <span class='ocrx_word' id='word_1_365' title='bbox 1000 1822 1046 1873; x_wconf 85' lang='lat' dir='ltr'>Dei</span> <span class='ocrx_word' id='word_1_366' title='bbox 1056 1837 1217 1889; x_wconf 82' lang='lat' dir='ltr'>praeceptum</span> 
     </span>
     <span class='ocr_line' id='line_1_64' title="bbox 708 1888 1218 1955; baseline -0.002 -14"><span class='ocrx_word' id='word_1_367' title='bbox 708 1905 732 1941; x_wconf 87' lang='lat' dir='ltr'>et</span> <span class='ocrx_word' id='word_1_368' title='bbox 754 1889 822 1955; x_wconf 86' lang='lat' dir='ltr'>ipsae</span> <span class='ocrx_word' id='word_1_369' title='bbox 842 1889 868 1939; x_wconf 89' lang='lat' dir='ltr'>in</span> <span class='ocrx_word' id='word_1_370' title='bbox 886 1888 1037 1941; x_wconf 81' lang='lat' dir='ltr'>immensum</span> <span class='ocrx_word' id='word_1_371' title='bbox 1054 1893 1218 1942; x_wconf 83' lang='lat' dir='ltr'>accumulen-</span> 
     </span>
     <span class='ocr_line' id='line_1_65' title="bbox 708 1954 1219 2026; baseline 0.004 -18"><span class='ocrx_word' id='word_1_372' title='bbox 708 1973 749 2008; x_wconf 87' lang='lat' dir='ltr'>tur</span> <span class='ocrx_word' id='word_1_373' title='bbox 765 1954 868 2009; x_wconf 83' lang='grc'><strong>9-16.</strong></span> <span class='ocrx_word' id='word_1_374' title='bbox 887 1958 930 2008; x_wconf 89' lang='lat' dir='ltr'>ubi</span> <span class='ocrx_word' id='word_1_375' title='bbox 948 1957 1052 2026; x_wconf 88' lang='lat' dir='ltr'>ponitur</span> <span class='ocrx_word' id='word_1_376' title='bbox 1068 1959 1143 2011; x_wconf 86' lang='lat' dir='ltr'>simul</span> <span class='ocrx_word' id='word_1_377' title='bbox 1162 1978 1219 2010; x_wconf 78' lang='lat' dir='ltr'>vcra</span> 
     </span>
     <span class='ocr_line' id='line_1_66' title="bbox 709 2022 1219 2095; baseline 0.004 -19"><span class='ocrx_word' id='word_1_378' title='bbox 709 2041 769 2076; x_wconf 84' lang='lat' dir='ltr'>nota</span> <span class='ocrx_word' id='word_1_379' title='bbox 793 2022 977 2086; x_wconf 73' lang='lat' dir='ltr'>traditionum,</span> <span class='ocrx_word' id='word_1_380' title='bbox 996 2045 1057 2095; x_wconf 86' lang='lat' dir='ltr'>quas</span> <span class='ocrx_word' id='word_1_381' title='bbox 1080 2040 1182 2094; x_wconf 85' lang='lat' dir='ltr'>oportet</span> <span class='ocrx_word' id='word_1_382' title='bbox 1204 2046 1219 2078; x_wconf 94' lang='lat' dir='ltr'>a</span> 
     </span>
     <span class='ocr_line' id='line_1_67' title="bbox 708 2093 1219 2163; baseline 0.004 -20"><span class='ocrx_word' id='word_1_383' title='bbox 708 2094 757 2163; x_wconf 89' lang='lat' dir='ltr'>piis</span> <span class='ocrx_word' id='word_1_384' title='bbox 782 2093 916 2161; x_wconf 83' lang='lat' dir='ltr'>repudiari.</span> <span class='ocrx_word' id='word_1_385' title='bbox 955 2094 1098 2147; x_wconf 80' lang='lat' dir='ltr'>Praetextus</span> <span class='ocrx_word' id='word_1_386' title='bbox 1122 2114 1219 2159; x_wconf 85' lang='lat' dir='ltr'>corum,</span> 
     </span>
     <span class='ocr_line' id='line_1_68' title="bbox 710 2160 1279 2244; baseline 0.011 -34"><span class='ocrx_word' id='word_1_387' title='bbox 710 2162 754 2244; x_wconf 76' lang='lat' dir='ltr'>(pri</span> <span class='ocrx_word' id='word_1_388' title='bbox 776 2179 817 2213; x_wconf 80' lang='lat' dir='ltr'>cas</span> <span class='ocrx_word' id='word_1_389' title='bbox 839 2160 994 2224; x_wconf 78' lang='lat' dir='ltr'>defendunt,</span> <span class='ocrx_word' id='word_1_390' title='bbox 1021 2181 1105 2214; x_wconf 88' lang='lat' dir='ltr'>errare</span> <span class='ocrx_word' id='word_1_391' title='bbox 1127 2183 1220 2229; x_wconf 85' lang='lat' dir='ltr'>nempe</span> <span class='ocrx_word' id='word_1_392' title='bbox 1275 2218 1279 2225; x_wconf 79' lang='grc'><em>,</em></span> 
     </span>
     <span class='ocr_line' id='line_1_69' title="bbox 710 2228 1220 2298; baseline 0.01 -18"><span class='ocrx_word' id='word_1_393' title='bbox 710 2228 846 2281; x_wconf 72' lang='lat' dir='ltr'>heefesiam</span> <span class='ocrx_word' id='word_1_394' title='bbox 864 2249 916 2281; x_wconf 92' lang='lat' dir='ltr'>non</span> <span class='ocrx_word' id='word_1_395' title='bbox 935 2249 1020 2298; x_wconf 81' lang='lat' dir='ltr'>posse.</span> <span class='ocrx_word' id='word_1_396' title='bbox 1037 2229 1160 2283; x_wconf 84' lang='lat' dir='ltr'>excutitur</span> <span class='ocrx_word' id='word_1_397' title='bbox 1176 2232 1220 2286; x_wconf 86' lang='lat'>17.</span> 
     </span>
     <span class='ocr_line' id='line_1_70' title="bbox 709 2297 1222 2365; baseline 0.004 -15"><span class='ocrx_word' id='word_1_398' title='bbox 709 2297 869 2364; x_wconf 88' lang='lat' dir='ltr'>impudenter</span> <span class='ocrx_word' id='word_1_399' title='bbox 886 2317 926 2348; x_wconf 87' lang='lat' dir='ltr'>eas</span> <span class='ocrx_word' id='word_1_400' title='bbox 944 2299 975 2350; x_wconf 85' lang='lat' dir='ltr'>ad</span> <span class='ocrx_word' id='word_1_401' title='bbox 995 2299 1142 2365; x_wconf 77' lang='lat' dir='ltr'>Apostoliea</span> <span class='ocrx_word' id='word_1_402' title='bbox 1159 2313 1222 2352; x_wconf 88' lang='lat' dir='ltr'>tem-</span> 
     </span>
     <span class='ocr_line' id='line_1_71' title="bbox 709 2364 1223 2486; baseline 0.008 -70"><span class='ocrx_word' id='word_1_403' title='bbox 709 2385 772 2432; x_wconf 83' lang='lat' dir='ltr'>pora</span> <span class='ocrx_word' id='word_1_404' title='bbox 796 2364 883 2417; x_wconf 88' lang='lat' dir='ltr'>referri</span> <span class='ocrx_word' id='word_1_405' title='bbox 907 2364 1017 2486; x_wconf 68' lang='lat' dir='ltr'>indeqlue</span> <span class='ocrx_word' id='word_1_406' title='bbox 1045 2367 1149 2419; x_wconf 82' lang='lat' dir='ltr'>minime</span> <span class='ocrx_word' id='word_1_407' title='bbox 1171 2368 1223 2420; x_wconf 91' lang='lat' dir='ltr'>ori·</span> 
     </span>
    </p>
   </div>
   <div class='ocr_carea' id='block_1_13' title="bbox 708 2432 1222 2504">
    <p class='ocr_par' dir='ltr' id='par_1_13' title="bbox 708 2432 1222 2504">
     <span class='ocr_line' id='line_1_72' title="bbox 708 2432 1222 2504; baseline 0.01 -21"><span class='ocrx_word' id='word_1_408' title='bbox 708 2433 792 2498; x_wconf 63' lang='lat' dir='ltr'>‘inem</span> <span class='ocrx_word' id='word_1_409' title='bbox 811 2433 902 2485; x_wconf 87' lang='lat' dir='ltr'>dueerc</span> <span class='ocrx_word' id='word_1_410' title='bbox 920 2432 961 2494; x_wconf 81' lang='lat'><strong>18.</strong></span> <span class='ocrx_word' id='word_1_411' title='bbox 994 2432 1076 2495; x_wconf 82' lang='grc'><strong>0,.20.</strong></span> <span class='ocrx_word' id='word_1_412' title='bbox 1101 2436 1222 2504; x_wconf 83' lang='lat' dir='ltr'>Nceipsis</span> 
     </span>
    </p>
   </div>
   <div class='ocr_carea' id='block_1_14' title="bbox 708 2501 1310 2571">
    <p class='ocr_par' dir='ltr' id='par_1_14' title="bbox 708 2501 1310 2571">
     <span class='ocr_line' id='line_1_73' title="bbox 708 2501 1310 2571; baseline 0.002 -18"><span class='ocrx_word' id='word_1_413' title='bbox 708 2501 841 2566; x_wconf 76' lang='lat' dir='ltr'>ruffrugari</span> <span class='ocrx_word' id='word_1_414' title='bbox 869 2503 1050 2569; x_wconf 72' lang='lat' dir='ltr'>Apostolorum</span> <span class='ocrx_word' id='word_1_415' title='bbox 1079 2504 1112 2556; x_wconf 87' lang='lat' dir='ltr'>de</span> <span class='ocrx_word' id='word_1_416' title='bbox 1138 2505 1223 2555; x_wconf 83' lang='lat' dir='ltr'>idolo·</span> <span class='ocrx_word' id='word_1_417' title='bbox 1308 2562 1310 2571; x_wconf 41' lang='grc' dir='ltr'>Ι</span> 
     </span>
    </p>
   </div>
   <div class='ocr_carea' id='block_1_15' title="bbox 709 2569 1221 2840">
    <p class='ocr_par' dir='ltr' id='par_1_15' title="bbox 709 2569 1221 2840">
     <span class='ocr_line' id='line_1_74' title="bbox 709 2569 1221 2627; baseline 0.016 -7"><span class='ocrx_word' id='word_1_418' title='bbox 709 2571 736 2621; x_wconf 91' lang='lat' dir='ltr'>tb</span> <span class='ocrx_word' id='word_1_419' title='bbox 755 2569 786 2620; x_wconf 84' lang='lat' dir='ltr'>tis</span> <span class='ocrx_word' id='word_1_420' title='bbox 815 2584 840 2621; x_wconf 86' lang='lat' dir='ltr'>et</span> <span class='ocrx_word' id='word_1_421' title='bbox 861 2571 987 2622; x_wconf 87' lang='lat' dir='ltr'>suffocato</span> <span class='ocrx_word' id='word_1_422' title='bbox 1012 2572 1139 2623; x_wconf 78' lang='lat' dir='ltr'>decretum</span> <span class='ocrx_word' id='word_1_423' title='bbox 1164 2579 1221 2627; x_wconf 79' lang='lat' dir='ltr'>tlct.</span> 
     </span>
     <span class='ocr_line' id='line_1_75' title="bbox 709 2589 1221 2696; baseline 0.004 -7"><span class='ocrx_word' id='word_1_424' title='bbox 709 2589 766 2689; x_wconf 77' lang='lat' dir='ltr'><strong>le.</strong></span> <span class='ocrx_word' id='word_1_425' title='bbox 781 2637 824 2696; x_wconf 88' lang='grc'><strong>21,</strong></span> <span class='ocrx_word' id='word_1_426' title='bbox 839 2637 883 2690; x_wconf 86' lang='grc'>22.</span> <span class='ocrx_word' id='word_1_427' title='bbox 904 2638 1046 2690; x_wconf 88' lang='lat' dir='ltr'>istiusmodi</span> <span class='ocrx_word' id='word_1_428' title='bbox 1064 2640 1156 2691; x_wconf 85' lang='lat' dir='ltr'>fictitiis</span> <span class='ocrx_word' id='word_1_429' title='bbox 1174 2645 1221 2691; x_wconf 88' lang='lat' dir='ltr'>ob·</span> 
     </span>
     <span class='ocr_line' id='line_1_76' title="bbox 709 2705 1221 2770; baseline 0.004 -14"><span class='ocrx_word' id='word_1_430' title='bbox 709 2705 894 2759; x_wconf 61' lang='lat' dir='ltr'>scrutationibus</span> <span class='ocrx_word' id='word_1_431' title='bbox 929 2707 985 2760; x_wconf 83' lang='lat' dir='ltr'>Deo</span> <span class='ocrx_word' id='word_1_432' title='bbox 1016 2725 1119 2770; x_wconf 74' lang='lat' dir='ltr'>regnum</span> <span class='ocrx_word' id='word_1_433' title='bbox 1146 2728 1221 2761; x_wconf 85' lang='lat' dir='ltr'>sunm</span> 
     </span>
     <span class='ocr_line' id='line_1_77' title="bbox 711 2772 1221 2840; baseline 0.008 -15"><span class='ocrx_word' id='word_1_434' title='bbox 711 2773 827 2839; x_wconf 87' lang='lat' dir='ltr'>eripitur,</span> <span class='ocrx_word' id='word_1_435' title='bbox 849 2772 907 2840; x_wconf 81' lang='lat' dir='ltr'>quia</span> <span class='ocrx_word' id='word_1_436' title='bbox 929 2772 1077 2838; x_wconf 84' lang='lat' dir='ltr'>bominum,</span> <span class='ocrx_word' id='word_1_437' title='bbox 1099 2795 1151 2827; x_wconf 93' lang='lat' dir='ltr'>non</span> <span class='ocrx_word' id='word_1_438' title='bbox 1169 2777 1221 2829; x_wconf 88' lang='lat' dir='ltr'>suia</span> 
     </span>
    </p>
   </div>
   <div class='ocr_carea' id='block_1_16' title="bbox 711 2840 1314 2909">
    <p class='ocr_par' dir='ltr' id='par_1_16' title="bbox 711 2840 1314 2909">
     <span class='ocr_line' id='line_1_78' title="bbox 711 2840 1314 2909; baseline 0.013 -18"><span class='ocrx_word' id='word_1_439' title='bbox 711 2840 849 2909; x_wconf 85' lang='lat' dir='ltr'>praeceptis</span> <span class='ocrx_word' id='word_1_440' title='bbox 867 2841 959 2893; x_wconf 85' lang='lat' dir='ltr'>colitur</span> <span class='ocrx_word' id='word_1_441' title='bbox 974 2841 1017 2895; x_wconf 78' lang='lat'><strong>2³.</strong></span> <span class='ocrx_word' id='word_1_442' title='bbox 1034 2842 1076 2896; x_wconf 77' lang='lat' dir='ltr'><strong>2l.</strong></span> <span class='ocrx_word' id='word_1_443' title='bbox 1111 2845 1163 2896; x_wconf 86' lang='lat' dir='ltr'>Nec</span> <span class='ocrx_word' id='word_1_444' title='bbox 1178 2847 1223 2897; x_wconf 81' lang='lat' dir='ltr'>de·</span> <span class='ocrx_word' id='word_1_445' title='bbox 1309 2890 1314 2899; x_wconf 96' lang='lat'>.</span> 
     </span>
    </p>
   </div>
   <div class='ocr_carea' id='block_1_17' title="bbox 710 2909 1232 3726">
    <p class='ocr_par' dir='ltr' id='par_1_17' title="bbox 710 2909 1232 3726">
     <span class='ocr_line' id='line_1_79' title="bbox 710 2909 1231 2978; baseline 0.006 -16"><span class='ocrx_word' id='word_1_446' title='bbox 710 2910 850 2962; x_wconf 70' lang='lat' dir='ltr'>tenduntnr</span> <span class='ocrx_word' id='word_1_447' title='bbox 866 2909 980 2978; x_wconf 89' lang='lat' dir='ltr'>esempfo</span> <span class='ocrx_word' id='word_1_448' title='bbox 997 2909 1124 2964; x_wconf 81' lang='lat' dir='ltr'>Manobae</span> <span class='ocrx_word' id='word_1_449' title='bbox 1140 2912 1231 2964; x_wconf 71' lang='lat' dir='ltr'>borni-¹</span> 
     </span>
     <span class='ocr_line' id='line_1_80' title="bbox 710 2977 1224 3044; baseline 0.008 -14"><span class='ocrx_word' id='word_1_450' title='bbox 710 2977 750 3030; x_wconf 91' lang='lat' dir='ltr'>nis</span> <span class='ocrx_word' id='word_1_451' title='bbox 768 2977 870 3044; x_wconf 82' lang='lat' dir='ltr'>privati,</span> <span class='ocrx_word' id='word_1_452' title='bbox 893 2977 1040 3030; x_wconf 84' lang='lat' dir='ltr'>sacrificium</span> <span class='ocrx_word' id='word_1_453' title='bbox 1057 2979 1224 3034; x_wconf 85' lang='lat' dir='ltr'>nibilominus</span> 
     </span>
     <span class='ocr_line' id='line_1_81' title="bbox 711 3044 1226 3104; baseline 0.012 -8"><span class='ocrx_word' id='word_1_454' title='bbox 711 3044 848 3104; x_wconf 84' lang='lat' dir='ltr'>offerentia,</span> <span class='ocrx_word' id='word_1_455' title='bbox 864 3061 907 3097; x_wconf 90' lang='lat' dir='ltr'>aut</span> <span class='ocrx_word' id='word_1_456' title='bbox 923 3046 1048 3099; x_wconf 80' lang='lat' dir='ltr'>Samuelis</span> <span class='ocrx_word' id='word_1_457' title='bbox 1065 3048 1226 3103; x_wconf 72' lang='lat' dir='ltr'>sacrificantis</span> 
     </span>
     <span class='ocr_line' id='line_1_82' title="bbox 711 3113 1225 3180; baseline 0.008 -15"><span class='ocrx_word' id='word_1_458' title='bbox 711 3113 736 3166; x_wconf 91' lang='lat' dir='ltr'>in</span> <span class='ocrx_word' id='word_1_459' title='bbox 756 3113 878 3165; x_wconf 77' lang='lat' dir='ltr'>{lamatba</span> <span class='ocrx_word' id='word_1_460' title='bbox 894 3113 937 3168; x_wconf 83' lang='lat'>25.</span> <span class='ocrx_word' id='word_1_461' title='bbox 961 3130 1004 3166; x_wconf 87' lang='lat' dir='ltr'>aut</span> <span class='ocrx_word' id='word_1_462' title='bbox 1028 3113 1121 3167; x_wconf 87' lang='lat' dir='ltr'>Christi</span> <span class='ocrx_word' id='word_1_463' title='bbox 1144 3119 1225 3180; x_wconf 85' lang='lat' dir='ltr'>dicto,</span> 
     </span>
     <span class='ocr_line' id='line_1_83' title="bbox 711 3181 1224 3250; baseline 0.008 -17"><span class='ocrx_word' id='word_1_464' title='bbox 711 3181 821 3233; x_wconf 87' lang='lat' dir='ltr'>iubentis</span> <span class='ocrx_word' id='word_1_465' title='bbox 851 3183 914 3235; x_wconf 86' lang='lat' dir='ltr'>ferre</span> <span class='ocrx_word' id='word_1_466' title='bbox 946 3202 1022 3234; x_wconf 87' lang='lat' dir='ltr'>onera</span> <span class='ocrx_word' id='word_1_467' title='bbox 1051 3185 1224 3250; x_wconf 75' lang='lat' dir='ltr'>importabilia</span> 
     </span>
     <span class='ocr_line' id='line_1_84' title="bbox 712 3246 1232 3308; baseline 0.012 -7"><span class='ocrx_word' id='word_1_468' title='bbox 712 3250 856 3301; x_wconf 81' lang='lat' dir='ltr'>Scribarum</span> <span class='ocrx_word' id='word_1_469' title='bbox 878 3263 903 3301; x_wconf 87' lang='lat' dir='ltr'>et</span> <span class='ocrx_word' id='word_1_470' title='bbox 924 3246 1116 3304; x_wconf 71' lang='lat' dir='ltr'>Pharisaeorum</span> <span class='ocrx_word' id='word_1_471' title='bbox 1133 3253 1176 3308; x_wconf 84' lang='lat'>26.</span> <span class='ocrx_word' id='word_1_472' title='bbox 1193 3260 1232 3307; x_wconf 82' lang='lat' dir='ltr'>ea&#39;</span> 
     </span>
     <span class='ocr_line' id='line_1_85' title="bbox 712 3318 1224 3399; baseline 0.01 -31"><span class='ocrx_word' id='word_1_473' title='bbox 712 3318 831 3386; x_wconf 89' lang='lat' dir='ltr'>opposito</span> <span class='ocrx_word' id='word_1_474' title='bbox 854 3319 1011 3399; x_wconf 71' lang='lat' dir='ltr'>ostenditur,</span> <span class='ocrx_word' id='word_1_475' title='bbox 1038 3341 1102 3389; x_wconf 87' lang='lat' dir='ltr'>quae</span> <span class='ocrx_word' id='word_1_476' title='bbox 1124 3322 1224 3391; x_wconf 83' lang='lat' dir='ltr'>possint</span> 
     </span>
     <span class='ocr_line' id='line_1_86' title="bbox 712 3387 1225 3447; baseline 0.014 -11"><span class='ocrx_word' id='word_1_477' title='bbox 712 3405 765 3436; x_wconf 86' lang='lat' dir='ltr'>esse</span> <span class='ocrx_word' id='word_1_478' title='bbox 791 3401 902 3447; x_wconf 74' lang='lat' dir='ltr'>sanctae,</span> <span class='ocrx_word' id='word_1_479' title='bbox 927 3407 948 3437; x_wconf 84' lang='lat' dir='ltr'>st</span> <span class='ocrx_word' id='word_1_480' title='bbox 971 3387 1088 3440; x_wconf 88' lang='lat' dir='ltr'>nimirum</span> <span class='ocrx_word' id='word_1_481' title='bbox 1115 3392 1225 3443; x_wconf 74' lang='lat' dir='ltr'>serviant</span> 
     </span>
     <span class='ocr_line' id='line_1_87' title="bbox 712 3453 1225 3521; baseline 0.016 -19"><span class='ocrx_word' id='word_1_482' title='bbox 712 3453 805 3503; x_wconf 85' lang='lat' dir='ltr'>decoro</span> <span class='ocrx_word' id='word_1_483' title='bbox 826 3465 851 3504; x_wconf 84' lang='lat' dir='ltr'>et</span> <span class='ocrx_word' id='word_1_484' title='bbox 872 3454 996 3507; x_wconf 79' lang='lat' dir='ltr'>Ecclesiae</span> <span class='ocrx_word' id='word_1_485' title='bbox 1018 3457 1102 3508; x_wconf 91' lang='lat' dir='ltr'>ordini</span> <span class='ocrx_word' id='word_1_486' title='bbox 1130 3458 1160 3514; x_wconf 79' lang='lat' dir='ltr'>l,</span> <span class='ocrx_word' id='word_1_487' title='bbox 1182 3458 1225 3521; x_wconf 85' lang='lat'>27,</span> 
     </span>
     <span class='ocr_line' id='line_1_88' title="bbox 711 3519 1225 3593; baseline 0.012 -21"><span class='ocrx_word' id='word_1_488' title='bbox 711 3519 754 3584; x_wconf 81' lang='lat'>28,</span> <span class='ocrx_word' id='word_1_489' title='bbox 770 3520 813 3574; x_wconf 86' lang='grc'>20.</span> <span class='ocrx_word' id='word_1_490' title='bbox 835 3537 860 3573; x_wconf 87' lang='lat' dir='ltr'>ct</span> <span class='ocrx_word' id='word_1_491' title='bbox 879 3522 938 3574; x_wconf 87' lang='lat' dir='ltr'>iffae</span> <span class='ocrx_word' id='word_1_492' title='bbox 955 3543 1019 3592; x_wconf 90' lang='lat' dir='ltr'>quac</span> <span class='ocrx_word' id='word_1_493' title='bbox 1034 3526 1075 3578; x_wconf 83' lang='lat'><strong>30.</strong></span> <span class='ocrx_word' id='word_1_494' title='bbox 1093 3528 1225 3593; x_wconf 83' lang='lat' dir='ltr'>quodnam</span> 
     </span>
     <span class='ocr_line' id='line_1_89' title="bbox 711 3588 1226 3657; baseline 0.01 -15"><span class='ocrx_word' id='word_1_495' title='bbox 711 3588 745 3642; x_wconf 84' lang='lat' dir='ltr'>sit</span> <span class='ocrx_word' id='word_1_496' title='bbox 767 3591 856 3656; x_wconf 91' lang='lat' dir='ltr'>populi</span> <span class='ocrx_word' id='word_1_497' title='bbox 878 3589 1012 3644; x_wconf 86' lang='lat' dir='ltr'>Christiani</span> <span class='ocrx_word' id='word_1_498' title='bbox 1035 3613 1090 3657; x_wconf 69' lang='lat' dir='ltr'>crea</span> <span class='ocrx_word' id='word_1_499' title='bbox 1110 3613 1150 3647; x_wconf 88' lang='lat' dir='ltr'>eas</span> <span class='ocrx_word' id='word_1_500' title='bbox 1168 3597 1226 3646; x_wconf 80' lang='lat' dir='ltr'>ott·-</span> 
     </span>
     <span class='ocr_line' id='line_1_90' title="bbox 713 3656 1225 3726; baseline 0.014 -18"><span class='ocrx_word' id='word_1_501' title='bbox 713 3656 793 3718; x_wconf 80' lang='lat' dir='ltr'>cium.</span> <span class='ocrx_word' id='word_1_502' title='bbox 822 3658 925 3726; x_wconf 80' lang='lat' dir='ltr'>quinum</span> <span class='ocrx_word' id='word_1_503' title='bbox 946 3660 1007 3712; x_wconf 87' lang='lat' dir='ltr'>item</span> <span class='ocrx_word' id='word_1_504' title='bbox 1028 3660 1055 3714; x_wconf 91' lang='lat' dir='ltr'>in</span> <span class='ocrx_word' id='word_1_505' title='bbox 1071 3662 1103 3715; x_wconf 87' lang='lat' dir='ltr'>iis</span> <span class='ocrx_word' id='word_1_506' title='bbox 1120 3661 1225 3715; x_wconf 82' lang='lat' dir='ltr'>carendi</span> 
     </span>
    </p>
   </div>
   <div class='ocr_carea' id='block_1_18' title="bbox 1125 3730 1226 3793">
    <p class='ocr_par' dir='ltr' id='par_1_18' title="bbox 1125 3730 1226 3793">
     <span class='ocr_line' id='line_1_91' title="bbox 1125 3730 1226 3793; baseline 0.04 -11"><span class='ocrx_word' id='word_1_507' title='bbox 1125 3730 1168 3793; x_wconf 79' lang='lat'><strong>31.</strong></span> <span class='ocrx_word' id='word_1_508' title='bbox 1183 3731 1226 3786; x_wconf 82' lang='lat'>32.</span> 
     </span>
    </p>
   </div>
   <div class='ocr_carea' id='block_1_19' title="bbox 712 3745 808 3777">
    <p class='ocr_par' dir='ltr' id='par_1_19' title="bbox 712 3745 808 3777">
     <span class='ocr_line' id='line_1_92' title="bbox 712 3745 808 3777; baseline 0 0"><span class='ocrx_word' id='word_1_509' title='bbox 712 3745 808 3777; x_wconf 69' lang='lat' dir='ltr'>mum</span> 
     </span>
    </p>
   </div>
   <div class='ocr_carea' id='block_1_20' title="bbox 144 3787 1227 3865">
    <p class='ocr_par' dir='ltr' id='par_1_20' title="bbox 144 3787 1227 3865">
     <span class='ocr_line' id='line_1_93' title="bbox 144 3787 1227 3865; baseline 0.008 -22"><span class='ocrx_word' id='word_1_510' title='bbox 144 3794 236 3846; x_wconf 85' lang='lat' dir='ltr'>timore</span> <span class='ocrx_word' id='word_1_511' title='bbox 258 3805 282 3842; x_wconf 89' lang='lat' dir='ltr'>ct</span> <span class='ocrx_word' id='word_1_512' title='bbox 297 3789 436 3841; x_wconf 81' lang='lat' dir='ltr'>diffidentia</span> <span class='ocrx_word' id='word_1_513' title='bbox 458 3810 487 3842; x_wconf 85' lang='lat' dir='ltr'>es</span> <span class='ocrx_word' id='word_1_514' title='bbox 505 3789 655 3842; x_wconf 80' lang='lat' dir='ltr'>infirmitatis</span> <span class='ocrx_word' id='word_1_515' title='bbox 678 3787 938 3847; x_wconf 81' lang='lat' dir='ltr'>Transsubstantiatio</span> <span class='ocrx_word' id='word_1_516' title='bbox 946 3794 1123 3865; x_wconf 77' lang='lat' dir='ltr'>sophistarum</span> <span class='ocrx_word' id='word_1_517' title='bbox 1133 3819 1227 3853; x_wconf 84' lang='lat' dir='ltr'>coenae</span> 
     </span>
    </p>
   </div>
   <div class='ocr_carea' id='block_1_21' title="bbox 143 3857 655 3993">
    <p class='ocr_par' dir='ltr' id='par_1_21' title="bbox 143 3857 655 3993">
     <span class='ocr_line' id='line_1_94' title="bbox 143 3857 655 3933; baseline -0.01 -19"><span class='ocrx_word' id='word_1_518' title='bbox 143 3880 220 3914; x_wconf 87' lang='lat' dir='ltr'>sensu</span> <span class='ocrx_word' id='word_1_519' title='bbox 238 3858 301 3912; x_wconf 86' lang='lat' dir='ltr'>ibid.</span> <span class='ocrx_word' id='word_1_520' title='bbox 320 3857 360 3910; x_wconf 80' lang='grc'>17.</span> <span class='ocrx_word' id='word_1_521' title='bbox 381 3858 477 3927; x_wconf 75' lang='lat' dir='ltr'>timoris</span> <span class='ocrx_word' id='word_1_522' title='bbox 494 3859 588 3933; x_wconf 86' lang='lat' dir='ltr'>species</span> <span class='ocrx_word' id='word_1_523' title='bbox 606 3857 655 3909; x_wconf 86' lang='lat' dir='ltr'>orti</span> 
     </span>
     <span class='ocr_line' id='line_1_95' title="bbox 144 3924 655 3993; baseline 0 -14"><span class='ocrx_word' id='word_1_524' title='bbox 144 3930 184 3980; x_wconf 86' lang='lat' dir='ltr'>ref</span> <span class='ocrx_word' id='word_1_525' title='bbox 201 3948 231 3980; x_wconf 88' lang='lat' dir='ltr'>ex</span> <span class='ocrx_word' id='word_1_526' title='bbox 247 3925 368 3993; x_wconf 79' lang='lat' dir='ltr'>exemplis</span> <span class='ocrx_word' id='word_1_527' title='bbox 389 3924 488 3978; x_wconf 81' lang='lat' dir='ltr'>divinae</span> <span class='ocrx_word' id='word_1_528' title='bbox 507 3925 611 3977; x_wconf 89' lang='lat' dir='ltr'>ultionis</span> <span class='ocrx_word' id='word_1_529' title='bbox 628 3925 655 3979; x_wconf 87' lang='lat' dir='ltr'>in</span> 
     </span>
    </p>
   </div>
   <div class='ocr_carea' id='block_1_22' title="bbox 713 3861 1227 3919">
    <p class='ocr_par' dir='ltr' id='par_1_22' title="bbox 713 3861 1227 3919">
     <span class='ocr_line' id='line_1_96' title="bbox 713 3861 1227 3919; baseline 0.016 -8"><span class='ocrx_word' id='word_1_530' title='bbox 713 3861 863 3917; x_wconf 79' lang='lat' dir='ltr'>Dominicae</span> <span class='ocrx_word' id='word_1_531' title='bbox 879 3863 1030 3916; x_wconf 86' lang='lat' dir='ltr'>institutioni</span> <span class='ocrx_word' id='word_1_532' title='bbox 1047 3868 1171 3919; x_wconf 84' lang='lat' dir='ltr'>contraria</span> <span class='ocrx_word' id='word_1_533' title='bbox 1189 3889 1227 3919; x_wconf 88' lang='lat' dir='ltr'>re·</span> 
     </span>
    </p>
   </div>
   <div class='ocr_carea' id='block_1_23' title="bbox 714 3929 1226 3997">
    <p class='ocr_par' dir='ltr' id='par_1_23' title="bbox 714 3929 1226 3997">
     <span class='ocr_line' id='line_1_97' title="bbox 714 3929 1226 3997; baseline 0.02 -18"><span class='ocrx_word' id='word_1_534' title='bbox 714 3929 810 3981; x_wconf 86' lang='lat' dir='ltr'>feffitur</span> <span class='ocrx_word' id='word_1_535' title='bbox 954 3935 996 3984; x_wconf 83' lang='lat' dir='ltr'>IV.</span> <span class='ocrx_word' id='word_1_536' title='bbox 1014 3933 1055 3988; x_wconf 88' lang='grc'>17.</span> <span class='ocrx_word' id='word_1_537' title='bbox 1073 3933 1115 3995; x_wconf 86' lang='grc'><strong>12,</strong></span> <span class='ocrx_word' id='word_1_538' title='bbox 1133 3936 1226 3997; x_wconf 84' lang='grc'><strong>13,14.</strong></span> 
     </span>
    </p>
   </div>
   <div class='ocr_carea' id='block_1_24' title="bbox 145 3993 1227 4070">
    <p class='ocr_par' dir='ltr' id='par_1_24' title="bbox 145 3993 1227 4070">
     <span class='ocr_line' id='line_1_98' title="bbox 145 3993 1227 4070; baseline 0.007 -22"><span class='ocrx_word' id='word_1_539' title='bbox 145 3997 271 4054; x_wconf 82' lang='lat' dir='ltr'>reprobos</span> <span class='ocrx_word' id='word_1_540' title='bbox 298 3995 337 4046; x_wconf 81' lang='lat' dir='ltr'>vel</span> <span class='ocrx_word' id='word_1_541' title='bbox 363 3994 480 4063; x_wconf 88' lang='lat' dir='ltr'>propriae</span> <span class='ocrx_word' id='word_1_542' title='bbox 505 3993 657 4048; x_wconf 74' lang='lat' dir='ltr'>infirmitatis</span> <span class='ocrx_word' id='word_1_543' title='bbox 681 3996 789 4050; x_wconf 84' lang='lat' dir='ltr'>Tributa</span> <span class='ocrx_word' id='word_1_544' title='bbox 808 3995 966 4067; x_wconf 77' lang='lat' dir='ltr'>Principibus</span> <span class='ocrx_word' id='word_1_545' title='bbox 986 4014 1011 4052; x_wconf 91' lang='lat' dir='ltr'>et</span> <span class='ocrx_word' id='word_1_546' title='bbox 1027 4001 1156 4070; x_wconf 78' lang='lat' dir='ltr'>quibusvis</span> <span class='ocrx_word' id='word_1_547' title='bbox 1168 4004 1227 4056; x_wconf 84' lang='lat' dir='ltr'>Ma·</span> 
     </span>
    </p>
   </div>
   <div class='ocr_carea' id='block_1_25' title="bbox 146 4061 659 4338">
    <p class='ocr_par' dir='ltr' id='par_1_25' title="bbox 146 4061 659 4338">
     <span class='ocr_line' id='line_1_99' title="bbox 146 4061 658 4122; baseline 0 -7"><span class='ocrx_word' id='word_1_548' title='bbox 146 4062 364 4122; x_wconf 77' lang='lat' dir='ltr'>consideratione,</span> <span class='ocrx_word' id='word_1_549' title='bbox 393 4063 453 4116; x_wconf 87' lang='lat' dir='ltr'>fsdci</span> <span class='ocrx_word' id='word_1_550' title='bbox 482 4061 658 4115; x_wconf 88' lang='lat' dir='ltr'>certitudinem</span> 
     </span>
     <span class='ocr_line' id='line_1_100' title="bbox 146 4132 658 4250; baseline 0 -65"><span class='ocrx_word' id='word_1_551' title='bbox 146 4149 312 4212; x_wconf 45' lang='lat' dir='ltr'>nequaquam·</span> <span class='ocrx_word' id='word_1_552' title='bbox 330 4146 483 4250; x_wconf 63' lang='lat' dir='ltr'>erprteptes,</span> <span class='ocrx_word' id='word_1_553' title='bbox 504 4132 566 4184; x_wconf 77' lang='lat' dir='ltr'>fides</span> <span class='ocrx_word' id='word_1_554' title='bbox 588 4132 658 4194; x_wconf 81' lang='lat' dir='ltr'>enim</span> 
     </span>
     <span class='ocr_line' id='line_1_101' title="bbox 146 4200 659 4338; baseline 0 -15"><span class='ocrx_word' id='word_1_555' title='bbox 146 4200 429 4338; x_wconf 49' lang='lat' dir='ltr'>btabiidodosildnndiil</span> <span class='ocrx_word' id='word_1_556' title='bbox 444 4200 659 4338; x_wconf 54' lang='lat' dir='ltr'>peepp&#39;ppmlippupp</span> 
     </span>
    </p>
   </div>
   <div class='ocr_carea' id='block_1_26' title="bbox 712 4066 1228 4275">
    <p class='ocr_par' dir='ltr' id='par_1_26' title="bbox 712 4066 1228 4275">
     <span class='ocr_line' id='line_1_102' title="bbox 712 4066 1227 4133; baseline 0.014 -17"><span class='ocrx_word' id='word_1_557' title='bbox 712 4066 856 4131; x_wconf 57' lang='lat' dir='ltr'>‘latratibus</span> <span class='ocrx_word' id='word_1_558' title='bbox 886 4069 918 4119; x_wconf 92' lang='lat' dir='ltr'>ad</span> <span class='ocrx_word' id='word_1_559' title='bbox 954 4068 1023 4133; x_wconf 70' lang='lat' dir='ltr'>regni</span> <span class='ocrx_word' id='word_1_560' title='bbox 1053 4071 1227 4123; x_wconf 76' lang='lat' dir='ltr'>defensionem</span> 
     </span>
     <span class='ocr_line' id='line_1_103' title="bbox 714 4135 1228 4207; baseline 0.008 -21"><span class='ocrx_word' id='word_1_561' title='bbox 714 4135 880 4202; x_wconf 78' lang='lat' dir='ltr'>persolvenda</span> <span class='ocrx_word' id='word_1_562' title='bbox 908 4149 932 4188; x_wconf 89' lang='lat' dir='ltr'>et</span> <span class='ocrx_word' id='word_1_563' title='bbox 952 4139 1084 4207; x_wconf 85' lang='lat' dir='ltr'>quomodo</span> <span class='ocrx_word' id='word_1_564' title='bbox 1104 4138 1134 4190; x_wconf 88' lang='lat' dir='ltr'>iir</span> <span class='ocrx_word' id='word_1_565' title='bbox 1158 4142 1228 4191; x_wconf 90' lang='lat' dir='ltr'>bona</span> 
     </span>
     <span class='ocr_line' id='line_1_104' title="bbox 715 4202 1226 4275; baseline 0 -20"><span class='ocrx_word' id='word_1_566' title='bbox 715 4203 867 4258; x_wconf 84' lang='lat' dir='ltr'>conscientia</span> <span class='ocrx_word' id='word_1_567' title='bbox 890 4202 917 4256; x_wconf 89' lang='lat' dir='ltr'>hi</span> <span class='ocrx_word' id='word_1_568' title='bbox 939 4206 978 4258; x_wconf 89' lang='lat' dir='ltr'>uti</span> <span class='ocrx_word' id='word_1_569' title='bbox 999 4205 1098 4275; x_wconf 86' lang='lat' dir='ltr'>possint</span> <span class='ocrx_word' id='word_1_570' title='bbox 1116 4205 1160 4261; x_wconf 84' lang='lat' dir='ltr'>IV.</span> <span class='ocrx_word' id='word_1_571' title='bbox 1180 4207 1226 4258; x_wconf 76' lang='grc'>20.</span> 
     </span>
    </p>
   </div>
   <div class='ocr_carea' id='block_1_27' title="bbox 0 0 1373 4732">
    <p class='ocr_par' dir='ltr' id='par_1_27' title="bbox 0 0 1373 4732">
     <span class='ocr_line' id='line_1_105' title="bbox 0 0 1373 4732; baseline 0 0"><span class='ocrx_word' id='word_1_572' title='bbox 0 0 1373 4732; x_wconf 95' lang='lat' dir='ltr'> </span> 
     </span>
    </p>
   </div>
   <div class='ocr_carea' id='block_1_28' title="bbox 1187 4273 1319 4358">
    <p class='ocr_par' dir='ltr' id='par_1_28' title="bbox 1187 4273 1319 4358">
     <span class='ocr_line' id='line_1_106' title="bbox 1187 4273 1319 4358; baseline 0.023 -30"><span class='ocrx_word' id='word_1_573' title='bbox 1187 4273 1319 4358; x_wconf 31' lang='grc'><strong>13..</strong></span> 
     </span>
    </p>
   </div>
  </div>
 </body>
</html>
