2700 4732
486 216 564 279 ΗΒ.
582 214 641 281 m.
682 217 773 281 cte.
790 214 874 279 m
1220 222 1261 289 01

193 366 243 427 13·
281 360 432 441 Quicquid
456 373 554 423 eutem
574 360 612 422 de
637 361 775 423 cavendis
799 359 988 423 offendiculis
1012 360 1118 438 docui,
1146 361 1184 425 ad
1208 380 1259 426 res

112 438 227 499 medias
251 448 283 499 et
313 439 518 499 indifferentes
540 438 649 498 referri
674 438 755 500 volo.
805 441 977 518 Numquae
1000 443 1259 503 necessariasunt

113 518 214 589 lactu,
238 514 345 575 nullius
367 513 541 576 offendiculi
560 516 669 575 timore
689 517 853 576 omittenda
872 527 952 576 sunt.
977 515 1257 591 'Quemadmodum

115 594 196 653 enim
215 592 328 651 ceritati
354 592 536 652 subiicienda
558 603 602 651 est
625 604 725 653 nostra
749 593 885 666 libertas,
908 592 949 652 ita
967 591 1021 652 sub
1042 592 1110 651 fidei
1129 595 1257 671 puritate

113 666 268 731 subsidere
286 668 410 729 vicissim
432 670 535 729 caritas
555 670 617 749 ipsa
637 668 737 730 debet.
776 669 923 749 Equidem
942 679 974 728 et
993 668 1040 730 hic
1060 669 1188 729 caritatis
1208 691 1257 731 re-
1298 726 1302 731 .

114 747 232 806 tionem
252 743 355 804 baberi
376 746 477 816 decet,
509 745 561 804 sed
587 746 735 823 usquead
762 767 839 806 aras:
872 745 930 805 boc
948 755 994 805 est
1017 765 1056 805 ne
1081 746 1111 804 in
1133 745 1257 826 gratiam

113 821 241 902 proximi
254 821 351 880 Deum
372 821 566 881 offendamus.
605 822 674 881 Non
695 834 741 882 est
758 822 912 900 probanda
931 840 1035 881 eorum
1054 821 1257 902 intemperies,

115 898 168 978 qui
186 896 260 956 nibil
280 899 335 957 nisi
354 898 558 958 tumultuando
578 911 679 978 agunt,
699 910 730 957 et
749 900 800 977 qui
819 918 1011 979 perrumpere
1022 898 1122 958 omnia
1143 897 1257 959 malunt

114 995 202 1065 quam
221 974 361 1034 dissuere.
399 976 441 1033 At
459 995 514 1034 nec
534 976 671 1035 audiendi
691 987 769 1047 sunt,
789 976 839 1055 qui
880 997 948 1034 uum
968 974 998 1033 in
1018 972 1098 1034 mille
1117 974 1255 1054 impieta·

114 1062 153 1111 trs
172 1050 282 1141 iopmas
301 1052 390 1111 duces
409 1071 441 1111 se
461 1050 623 1130 praebent,
646 1051 690 1111 sie
708 1050 765 1111 sibi
785 996 930 1135 agendum
950 1050 1077 1133 lingunt,
1096 1070 1134 1111 ne
1152 1051 1255 1143 proxi-

115 1126 172 1187 mis
190 1138 251 1187 sint
276 1127 475 1187 ollendicnlo:
501 1128 582 1206 quasi
607 1149 668 1187 non
693 1127 810 1187 interim
858 1127 1037 1188 roximorum
1062 1132 1257 1191 conscientias

115 1203 149 1262 in
173 1202 282 1262 malum
308 1204 476 1277 aedificent,
507 1205 679 1337 pracsertim
710 1204 761 1264 ubi
793 1149 873 1264 nulla
896 1224 949 1283 spe
973 1204 1066 1265 exitus
1090 1204 1124 1264 in
1148 1202 1257 1267 eodem

115 1298 234 1359 semper
254 1279 376 1339 haerent
396 1281 469 1340 luto.
524 1282 548 1339 't
566 1301 666 1340 suaves
687 1280 837 1356 homines,
857 1300 909 1341 seu
931 1280 1081 1356 doctrina,
1104 1300 1158 1340 seu
1177 1284 1256 1343 vitae

115 1354 251 1435 exemplo
277 1358 316 1415 sit
340 1356 534 1416 instituendus
554 1359 717 1436 proximus,
749 1360 831 1416 aiunt
862 1356 937 1417 lacte
968 1356 1146 1437 pascendum
1179 1377 1254 1435 esse,

136 1453 205 1491 uem
226 1434 356 1510 pessimis
376 1433 597 1512 exitialibusque
617 1434 807 1513 opinionibus
827 1433 972 1501 imbuunt.
1010 1433 1108 1494 Lactis
1127 1447 1202 1514 potu
1221 1454 1255 1497 ee

112 1454 221 1569 :luisse
242 1509 414 1570 Corinthios
434 1510 542 1568 Paulus
570 1521 782 1569 commemorat
800 1511 841 1588 (l.
861 1530 908 1591 ep·
926 1516 963 1586 3,
982 1509 1042 1587 ’ὣς
1071 1509 1124 1571 sed
1143 1511 1167 1573 si
1192 1522 1256 1573 tum

111 1586 264 1645 intereos
286 1585 385 1645 fuisset
403 1587 513 1664 papalis
533 1587 626 1661 missa,
647 1608 683 1645 an
701 1586 890 1647 sacrificasset
910 1587 945 1646 ad
965 1584 1166 1665 praebendum
1183 1586 1255 1666 ipsis

113 1660 339 1742 lactispotum?
389 1664 527 1722 Minime:
558 1684 622 1722 nam
644 1664 855 1722 laevenenum
880 1675 1016 1723 nonest.
1066 1662 1255 1725 Mentiuntur

115 1756 189 1820 ergo
208 1758 242 1800 se
266 1739 362 1812 alere,
391 1761 466 1819 quos
497 1739 551 1798 sub
583 1739 788 1799 blanditiarum
818 1740 916 1830 specie
948 1738 1108 1798 crudeliter
1138 1751 1254 1801 necant.

112 1814 216 1894 Atque
228 1827 262 1874 ut
276 1816 386 1890 demus,
408 1816 589 1895 probandam
610 1817 646 1876 ad
665 1828 722 1876 tem
748 1838 779 1875 us
798 1815 961 1876 istiusmodi
974 1815 1253 1878 dissimulationem

112 1890 270 1971 quousque
302 1893 421 1951 tandem
451 1913 559 1971 pueros
585 1913 654 1952 suos
680 1838 785 1952 solem
838 1891 964 1951 otabuut
992 1892 1087 1952 lacte?
1129 1894 1204 1952 Nam
1227 1893 1253 1954 si

110 1988 265 2061 nunquam
285 1969 498 2049 grandescunt,
527 1980 560 2026 ut
578 1968 623 2027 vel
643 1981 763 2028 tenuem
783 1915 885 2028 salleni
905 1968 1033 2047 aliquem
1053 1966 1151 2029 cibum
1172 1970 1253 2031 serre

111 2056 243 2125 possint:
269 2065 327 2106 nec
352 2045 426 2105 lacte
447 2045 535 2105 luisse
555 2066 682 2123 unquam
704 2045 843 2105 educatos
863 2055 976 2104 certum
996 2056 1049 2105 est.
1088 2044 1152 2106 Cur
1171 2067 1252 2107 nune

110 2121 210 2181 acrius
230 2142 295 2182 cum
316 2120 372 2181 illis
392 2144 455 2181 non
475 2122 659 2199 congrediar,
679 2123 752 2181 duae
771 2124 901 2181 rationes
920 2120 1098 2201 impediunt,
1118 2123 1185 2201 quia
1204 2124 1251 2183 vix

111 2197 223 2280 dignae
242 2211 312 2258 sunt
331 2219 434 2257 eorum
454 2200 582 2278 ineptiae
609 2219 683 2277 quae
713 2197 898 2272 refutentur,
930 2219 1019 2276 quum
1045 2218 1059 2257 a
1084 2198 1122 2258 ud
1139 2219 1253 2261 ,omues

109 2295 202 2335 senos
221 2277 329 2334 merito
340 2276 493 2335 sordeant:
515 2275 621 2334 deinde
634 2276 700 2354 quia
721 2274 916 2353 peculiaribus
928 2276 1042 2353 scriptis
1063 2220 1252 2335 locaturus

53 2412 55 2417 ,
104 2350 258 2422 .raestiti,
279 2351 350 2410 nolo
368 2365 464 2410 settim
484 2372 571 2431 agere
583 2352 626 2428 ¹¹⁵).
666 2351 794 2410 'santum
815 2350 873 2410 boc
892 2362 1012 2411 teneant
1029 2350 1165 2427 lectores,
1207 2352 1252 2412 ui-

108 2373 288 2507 buscunque
307 2428 447 2487 scandalis
460 2428 549 2487 Satan
572 2428 744 2487 elmundus
765 2440 898 2487 avertere
918 2447 973 2487 nos
993 2425 1181 2489 moliantura
1225 2428 1253 2489 ei

109 2504 238 2586 placitis,
258 2503 303 2562 vel
323 2525 378 2562 nos
398 2506 517 2577 morari,
537 2525 575 2564 ne
594 2526 749 2584 sequamur
762 2505 842 2583 quod
862 2504 911 2563 ille
932 2505 1115 2582 praescribit,
1132 2516 1253 2567 strenue

108 2580 305 2641 nibilominus
324 2583 505 2661 pergendum
527 2602 604 2641 esse:
632 2582 738 2640 deinde
759 2581 897 2659 quicquid
917 2581 1114 2640 discriminum
1135 2581 1253 2662 impen-

109 2660 198 2730 deat,
229 2678 291 2716 non
322 2670 421 2715 tannen
452 2657 576 2717 liberum
602 2679 664 2717 esse
684 2657 729 2716 vel
756 2657 845 2716 latum
871 2677 1000 2739 unguem
1029 2657 1188 2717 deflectere
1213 2656 1251 2718 ab

112 2734 244 2793 eiusdem
256 2733 314 2793 Dei
335 2734 470 2825 imperio,
491 2756 546 2794 nec
565 2734 627 2794 ullo
648 2746 800 2814 praetextu
821 2734 862 2793 las
882 2754 944 2793 csse
961 2733 1116 2813 quicquam
1135 2745 1252 2795 tentare

112 2810 173 2869 nisi
191 2810 270 2888 quod
289 2813 442 2888 permittit.

193 2894 240 2950 14.
277 2887 340 2946 lam
360 2908 430 2945 vero
452 2907 540 2964 quum
560 2885 614 2946 liae
633 2885 776 2944 libertatis
796 2905 900 2963 pcaero
924 2884 1008 2959 ativa,
1027 2884 1144 2964 qualem
1164 2897 1252 2947 antee

110 2961 326 3043 descripsimus,
346 2964 472 3022 donatae
492 2963 593 3022 fideles
613 2961 811 3023 conscientiae
830 2962 860 3020 id
881 2905 993 3022 ebriati
1013 2960 1156 3022 beneficio
1177 2981 1251 3022 cou-

110 3052 254 3119 sequutae
274 3044 342 3114 sint,
362 3061 400 3098 ne
421 3038 484 3098 ullis
496 3039 733 3099 observationum
754 3037 863 3116 laqueis
884 3039 915 3097 in
934 3037 970 3098 iis
989 3038 1078 3098 rebus
1096 3037 1252 3116 implicen-

109 3127 173 3192 tur,
193 3118 224 3175 in
245 3117 349 3195 quibus
370 3138 416 3176 eas
437 3136 498 3175 esse
519 3115 626 3176 liberas
645 3116 792 3175 Dominus
812 3113 917 3174 voluit:
945 3115 1076 3173 omnium
1097 3114 1252 3175 bominum

135 3205 263 3252 otestete
288 3205 433 3273 exemptas
458 3212 520 3251 esse
546 3195 756 3251 constituimus.
807 3192 860 3250 Est
891 3191 968 3250 euim
994 3191 1168 3269 indignum,
1199 3203 1251 3252 aut

109 3214 236 3331 labristo
248 3271 370 3350 gratiam
391 3281 485 3328 tantae
505 3289 573 3327 suae
594 3268 773 3327 liberalitatis
796 3268 903 3346 perire,
923 3280 973 3326 aut
984 3268 1169 3327 conscientiis
1181 3267 1250 3347 ipsis

107 3346 250 3406 fructum.
289 3347 394 3424 Neque
414 3368 459 3404 res
480 3345 600 3405 levicula
621 3345 805 3404 existimanda
825 3344 913 3409 nobis
934 3356 993 3417 est,
1013 3364 1099 3423 quam
1119 3344 1251 3405 videmus

107 3422 186 3482 tanti
207 3422 329 3482 Christo
350 3424 528 3481 constitisse:
553 3434 657 3500 utpote
677 3442 764 3499 quam
789 3440 850 3479 non
871 3440 943 3479 auro
964 3431 1014 3480 aut
1032 3439 1064 3479 ar
1087 3432 1174 3494 ento,
1198 3421 1251 3481 sed

108 3500 236 3589 proprio
256 3500 398 3580 sanguine
419 3499 581 3558 aestimavit
600 3498 638 3575 (l.
660 3498 723 3556 Pet.
743 3504 772 3570 1,
791 3501 839 3561 18.
859 3496 986 3573 et19.):
1007 3507 1041 3554 ut
1059 3439 1167 3556 innius
1186 3517 1251 3557 nou

109 3576 228 3635 dubitet
248 3576 363 3648 dicere,
385 3577 495 3634 irritam
516 3575 579 3633 fieri
602 3575 661 3634 eius
682 3586 825 3647 mortem,
844 3572 868 3631 si
887 3573 998 3632 animas
1018 3585 1131 3633 nostras
1152 3571 1250 3631 bomi-

107 3652 200 3711 nibus
219 3653 251 3711 in
270 3652 483 3711 subiectionem
507 3651 647 3710 tradimus
667 3649 750 3725 (Gal.
770 3656 804 3722 5,
823 3656 851 3713 l.
873 3660 902 3707 et
921 3655 950 3711 4.
983 3648 1007 3706 Ι.
1029 3648 1100 3709 Cor.
1120 3654 1157 3720 7,
1175 3649 1250 3727 23,).

108 3728 265 3808 Siquidem
293 3749 355 3787 non
386 3728 462 3787 aliud
493 3750 508 3787 a
533 3729 554 3784 it
579 3728 692 3805 aliquot
717 3725 862 3805 capitibus
885 3723 1037 3803 Epistolae
1063 3723 1099 3784 ad
1120 3722 1250 3800 Galatas,

108 3827 197 3896 quam
219 3806 369 3865 Christum
390 3805 475 3863 nobis
497 3747 663 3876 obscurari,
686 3803 735 3861 vel
759 3803 858 3882 potius
879 3799 1036 3880 exstingui,
1067 3800 1123 3858 nisi
1147 3800 1250 3867 instra

107 3883 251 3942 libertate
279 3893 359 3939 stent
384 3880 580 3940 conscientiae
612 3892 742 3940 nostrae:
775 3899 791 3938 a
818 3899 873 3956 qua
898 3888 979 3937 certe
1005 3875 1192 3949 exciderunt,
1224 3878 1250 3938 si

108 3971 236 4039 possunt
259 3957 410 4017 hominum
434 3958 556 4017 arbitrio
582 3955 680 4038 legum
710 3978 744 4016 ac
768 3954 1013 4016 constitutionum
1038 3949 1159 4015 vinculis
1184 3951 1250 4015 illa-

179 4215 208 4283 l‘)
227 4218 283 4271 Vid.
301 4216 382 4285 Epist.
410 4218 442 4267 dc
466 4216 595 4281 fugiendis
619 4214 762 4285 impiorum
802 4210 888 4268 tlieitis
903 4211 998 4293 'saeris
1032 4210 1103 4292 Ituna
1116 4209 1197 4293 Epist
1215 4211 1250 4263 (lu

108 4285 320 4425 {iiiiiinilivel
337 4284 546 4342 administrandis
562 4283 712 4342 sacerdotiis
728 4296 776 4338 etc.
808 4281 875 4339 Item
890 4280 1009 4341 libellum
1026 4280 1062 4335 <lo
1077 4280 1189 4371 silendis
1204 4297 1250 4338 n·

133 4442 229 4490 euim
239 4443 404 4493 netrnmu.
1029 4419 1052 4484 6
