<?xml version="1.0" encoding="UTF-8"?>
<!DOCTYPE html PUBLIC "-//W3C//DTD XHTML 1.0 Transitional//EN"
    "http://www.w3.org/TR/xhtml1/DTD/xhtml1-transitional.dtd">
<html xmlns="http://www.w3.org/1999/xhtml" xml:lang="en" lang="en">
 <head>
  <title>
</title>
<meta http-equiv="Content-Type" content="text/html;charset=utf-8" />
  <meta name='ocr-system' content='tesseract 3.04.00' />
  <meta name='ocr-capabilities' content='ocr_page ocr_carea ocr_par ocr_line ocrx_word'/>
</head>
<body>
  <div class='ocr_page' id='page_1' title='image "./ioanniscalvinii02tholgoog/ioanniscalvinii02tholgoog_0508.png"; bbox 0 0 2700 4732; ppageno 0'>
   <div class='ocr_carea' id='block_1_1' title="bbox 480 198 1230 261">
    <p class='ocr_par' dir='ltr' id='par_1_1' title="bbox 480 198 1230 261">
     <span class='ocr_line' id='line_1_1' title="bbox 480 198 1230 261; baseline -0.028 -1"><span class='ocrx_word' id='word_1_1' title='bbox 480 201 554 259; x_wconf 85' lang='lat' dir='ltr'><strong>uu.</strong></span> <span class='ocrx_word' id='word_1_2' title='bbox 576 199 632 257; x_wconf 84' lang='lat' dir='ltr'><strong>ui.</strong></span> <span class='ocrx_word' id='word_1_3' title='bbox 673 200 761 257; x_wconf 75' lang='lat' dir='ltr'><strong>rus.</strong></span> <span class='ocrx_word' id='word_1_4' title='bbox 780 198 847 259; x_wconf 84' lang='lat' dir='ltr'><strong>xu.</strong></span> <span class='ocrx_word' id='word_1_5' title='bbox 1150 252 1154 261; x_wconf 50' lang='grc'><strong>,</strong></span> <span class='ocrx_word' id='word_1_6' title='bbox 1191 202 1230 261; x_wconf 68' lang='lat'><strong>27</strong></span> 
     </span>
    </p>
   </div>
   <div class='ocr_carea' id='block_1_2' title="bbox 100 341 1319 2485">
    <p class='ocr_par' dir='ltr' id='par_1_2' title="bbox 104 341 1233 956">
     <span class='ocr_line' id='line_1_2' title="bbox 104 341 1231 420; baseline -0.004 -15"><span class='ocrx_word' id='word_1_7' title='bbox 104 348 183 407; x_wconf 85' lang='lat' dir='ltr'><strong>item</strong></span> <span class='ocrx_word' id='word_1_8' title='bbox 196 345 283 420; x_wconf 88' lang='lat' dir='ltr'><strong>(ibid.</strong></span> <span class='ocrx_word' id='word_1_9' title='bbox 293 352 341 416; x_wconf 75' lang='lat' dir='ltr'><strong>bi,</strong></span> <span class='ocrx_word' id='word_1_10' title='bbox 353 348 428 415; x_wconf 73' lang='lat' dir='ltr'><strong>tat:</strong></span> <span class='ocrx_word' id='word_1_11' title='bbox 447 344 603 417; x_wconf 76' lang='lat' dir='ltr'><strong>„liscetsus</strong></span> <span class='ocrx_word' id='word_1_12' title='bbox 617 356 647 402; x_wconf 88' lang='lat' dir='ltr'><strong>et</strong></span> <span class='ocrx_word' id='word_1_13' title='bbox 663 342 802 416; x_wconf 85' lang='lat' dir='ltr'><strong>sublimis,</strong></span> <span class='ocrx_word' id='word_1_14' title='bbox 822 341 952 401; x_wconf 80' lang='lat' dir='ltr'><strong>babitans</strong></span> <span class='ocrx_word' id='word_1_15' title='bbox 966 342 1182 415; x_wconf 79' lang='lat' dir='ltr'><strong>aeternitatem,</strong></span> <span class='ocrx_word' id='word_1_16' title='bbox 1200 350 1231 401; x_wconf 85' lang='lat' dir='ltr'><strong>et</strong></span> 
     </span>
     <span class='ocr_line' id='line_1_3' title="bbox 104 414 1231 498; baseline -0.007 -15"><span class='ocrx_word' id='word_1_17' title='bbox 104 435 260 498; x_wconf 83' lang='lat' dir='ltr'><strong>„sanctum</strong></span> <span class='ocrx_word' id='word_1_18' title='bbox 276 442 384 479; x_wconf 89' lang='lat' dir='ltr'><strong>nomen</strong></span> <span class='ocrx_word' id='word_1_19' title='bbox 397 420 467 489; x_wconf 85' lang='lat' dir='ltr'><strong>eius,</strong></span> <span class='ocrx_word' id='word_1_20' title='bbox 486 420 515 478; x_wconf 93' lang='lat' dir='ltr'><strong>iu</strong></span> <span class='ocrx_word' id='word_1_21' title='bbox 532 420 644 480; x_wconf 82' lang='lat' dir='ltr'><strong>excelso</strong></span> <span class='ocrx_word' id='word_1_22' title='bbox 665 431 696 479; x_wconf 88' lang='lat' dir='ltr'><strong>et</strong></span> <span class='ocrx_word' id='word_1_23' title='bbox 714 418 743 478; x_wconf 92' lang='lat' dir='ltr'><strong>iu</strong></span> <span class='ocrx_word' id='word_1_24' title='bbox 762 429 865 479; x_wconf 83' lang='lat' dir='ltr'><strong>sancto</strong></span> <span class='ocrx_word' id='word_1_25' title='bbox 878 414 1020 489; x_wconf 83' lang='lat' dir='ltr'><strong>habitans,</strong></span> <span class='ocrx_word' id='word_1_26' title='bbox 1042 428 1145 477; x_wconf 89' lang='lat' dir='ltr'><strong>etcum</strong></span> <span class='ocrx_word' id='word_1_27' title='bbox 1157 436 1231 477; x_wconf 88' lang='lat' dir='ltr'><strong>con-</strong></span> 
     </span>
     <span class='ocr_line' id='line_1_4' title="bbox 105 494 1231 589; baseline -0.007 -31"><span class='ocrx_word' id='word_1_28' title='bbox 105 502 198 571; x_wconf 80' lang='lat' dir='ltr'><strong>„tritn</strong></span> <span class='ocrx_word' id='word_1_29' title='bbox 220 498 377 575; x_wconf 71' lang='lat' dir='ltr'>humilique</span> <span class='ocrx_word' id='word_1_30' title='bbox 397 497 511 575; x_wconf 79' lang='lat' dir='ltr'><strong>spiritu:</strong></span> <span class='ocrx_word' id='word_1_31' title='bbox 532 508 564 554; x_wconf 92' lang='lat' dir='ltr'><strong>ut</strong></span> <span class='ocrx_word' id='word_1_32' title='bbox 575 496 697 555; x_wconf 81' lang='lat' dir='ltr'><strong>vivificet</strong></span> <span class='ocrx_word' id='word_1_33' title='bbox 715 494 1017 589; x_wconf 74' lang='lat' dir='ltr'><strong>spiritumbuutilium,</strong></span> <span class='ocrx_word' id='word_1_34' title='bbox 1037 504 1067 551; x_wconf 78' lang='lat' dir='ltr'><strong>et</strong></span> <span class='ocrx_word' id='word_1_35' title='bbox 1085 514 1138 551; x_wconf 87' lang='lat' dir='ltr'><strong>cot·</strong></span> <span class='ocrx_word' id='word_1_36' title='bbox 1156 514 1231 552; x_wconf 87' lang='lat' dir='ltr'><strong>cou-</strong></span> 
     </span>
     <span class='ocr_line' id='line_1_5' title="bbox 105 568 1231 649; baseline -0.004 -15"><span class='ocrx_word' id='word_1_37' title='bbox 105 578 295 649; x_wconf 82' lang='lat' dir='ltr'><strong>„tcitnruni.“</strong></span> <span class='ocrx_word' id='word_1_38' title='bbox 334 574 433 647; x_wconf 83' lang='lat' dir='ltr'><strong>Quiuu</strong></span> <span class='ocrx_word' id='word_1_39' title='bbox 454 573 533 631; x_wconf 89' lang='lat' dir='ltr'><strong>audis</strong></span> <span class='ocrx_word' id='word_1_40' title='bbox 552 574 639 633; x_wconf 88' lang='lat' dir='ltr'><strong>toties</strong></span> <span class='ocrx_word' id='word_1_41' title='bbox 649 574 825 633; x_wconf 70' lang='lat' dir='ltr'><strong>minuam</strong></span> <span class='ocrx_word' id='word_1_42' title='bbox 844 590 969 643; x_wconf 87' lang='lat' dir='ltr'><strong>nomen,</strong></span> <span class='ocrx_word' id='word_1_43' title='bbox 988 568 1120 649; x_wconf 76' lang='lat' dir='ltr'>intellige</span> <span class='ocrx_word' id='word_1_44' title='bbox 1135 568 1231 629; x_wconf 86' lang='lat' dir='ltr'><strong>cordis</strong></span> 
     </span>
     <span class='ocr_line' id='line_1_6' title="bbox 105 644 1232 729; baseline -0.004 -20"><span class='ocrx_word' id='word_1_45' title='bbox 105 652 233 725; x_wconf 78' lang='lat' dir='ltr'><strong>vulnus,</strong></span> <span class='ocrx_word' id='word_1_46' title='bbox 262 651 341 729; x_wconf 79' lang='lat' dir='ltr'><strong>qarod</strong></span> <span class='ocrx_word' id='word_1_47' title='bbox 371 649 519 709; x_wconf 83' lang='lat' dir='ltr'><strong>huriiinem</strong></span> <span class='ocrx_word' id='word_1_48' title='bbox 545 650 621 709; x_wconf 83' lang='lat' dir='ltr'><strong>isumi</strong></span> <span class='ocrx_word' id='word_1_49' title='bbox 644 660 825 728; x_wconf 85' lang='lat' dir='ltr'><strong>prostratum</strong></span> <span class='ocrx_word' id='word_1_50' title='bbox 849 646 944 708; x_wconf 86' lang='lat' dir='ltr'><strong>attolli</strong></span> <span class='ocrx_word' id='word_1_51' title='bbox 965 666 1024 704; x_wconf 90' lang='lat' dir='ltr'><strong>nou</strong></span> <span class='ocrx_word' id='word_1_52' title='bbox 1045 646 1127 704; x_wconf 91' lang='lat' dir='ltr'><strong>siuat.</strong></span> <span class='ocrx_word' id='word_1_53' title='bbox 1165 644 1232 704; x_wconf 86' lang='lat' dir='ltr'><strong>Tali</strong></span> 
     </span>
     <span class='ocr_line' id='line_1_7' title="bbox 108 720 1232 799; baseline -0.011 -10"><span class='ocrx_word' id='word_1_54' title='bbox 108 728 289 789; x_wconf 73' lang='lat' dir='ltr'>contritione</span> <span class='ocrx_word' id='word_1_55' title='bbox 308 725 487 785; x_wconf 82' lang='lat' dir='ltr'><strong>vulneratum</strong></span> <span class='ocrx_word' id='word_1_56' title='bbox 509 745 569 785; x_wconf 88' lang='lat' dir='ltr'><strong>esse</strong></span> <span class='ocrx_word' id='word_1_57' title='bbox 589 738 740 785; x_wconf 90' lang='lat' dir='ltr'><strong>cortuum</strong></span> <span class='ocrx_word' id='word_1_58' title='bbox 762 724 863 799; x_wconf 85' lang='lat' dir='ltr'><strong>decet,</strong></span> <span class='ocrx_word' id='word_1_59' title='bbox 892 726 915 781; x_wconf 86' lang='lat' dir='ltr'><strong>si</strong></span> <span class='ocrx_word' id='word_1_60' title='bbox 936 722 1005 783; x_wconf 87' lang='lat' dir='ltr'><strong>velis</strong></span> <span class='ocrx_word' id='word_1_61' title='bbox 1030 743 1095 782; x_wconf 87' lang='lat' dir='ltr'><strong>euru</strong></span> <span class='ocrx_word' id='word_1_62' title='bbox 1116 720 1232 779; x_wconf 89' lang='lat' dir='ltr'><strong>bumili-</strong></span> 
     </span>
     <span class='ocr_line' id='line_1_8' title="bbox 107 796 1233 877; baseline -0.008 -11"><span class='ocrx_word' id='word_1_63' title='bbox 107 804 174 877; x_wconf 88' lang='lat' dir='ltr'><strong>bus,</strong></span> <span class='ocrx_word' id='word_1_64' title='bbox 193 804 271 863; x_wconf 81' lang='lat' dir='ltr'><strong>iuxta</strong></span> <span class='ocrx_word' id='word_1_65' title='bbox 291 804 347 863; x_wconf 78' lang='lat' dir='ltr'><strong>liei</strong></span> <span class='ocrx_word' id='word_1_66' title='bbox 365 803 538 863; x_wconf 73' lang='lat' dir='ltr'><strong>sententiam</strong></span> <span class='ocrx_word' id='word_1_67' title='bbox 559 801 683 861; x_wconf 84' lang='lat' dir='ltr'><strong>exaltari.</strong></span> <span class='ocrx_word' id='word_1_68' title='bbox 723 800 756 859; x_wconf 86' lang='lat' dir='ltr'><strong>td</strong></span> <span class='ocrx_word' id='word_1_69' title='bbox 776 802 799 862; x_wconf 85' lang='lat' dir='ltr'><strong>si</strong></span> <span class='ocrx_word' id='word_1_70' title='bbox 820 821 881 860; x_wconf 89' lang='lat' dir='ltr'><strong>nou</strong></span> <span class='ocrx_word' id='word_1_71' title='bbox 899 799 943 871; x_wconf 83' lang='lat' dir='ltr'><strong>iit,</strong></span> <span class='ocrx_word' id='word_1_72' title='bbox 962 796 1158 858; x_wconf 84' lang='lat' dir='ltr'><strong>humiliaberis</strong></span> <span class='ocrx_word' id='word_1_73' title='bbox 1178 818 1233 877; x_wconf 90' lang='lat' dir='ltr'><strong>po·</strong></span> 
     </span>
     <span class='ocr_line' id='line_1_9' title="bbox 108 876 886 956; baseline -0.01 -15"><span class='ocrx_word' id='word_1_74' title='bbox 108 880 185 941; x_wconf 87' lang='lat' dir='ltr'><strong>tenti</strong></span> <span class='ocrx_word' id='word_1_75' title='bbox 206 880 262 940; x_wconf 88' lang='lat' dir='ltr'><strong>Dei</strong></span> <span class='ocrx_word' id='word_1_76' title='bbox 282 901 367 938; x_wconf 89' lang='lat' dir='ltr'><strong>mauu</strong></span> <span class='ocrx_word' id='word_1_77' title='bbox 390 880 418 935; x_wconf 93' lang='lat' dir='ltr'><strong>in</strong></span> <span class='ocrx_word' id='word_1_78' title='bbox 440 890 519 935; x_wconf 81' lang='lat' dir='ltr'><strong>turim</strong></span> <span class='ocrx_word' id='word_1_79' title='bbox 541 878 681 956; x_wconf 84' lang='lat' dir='ltr'><strong>pudorem</strong></span> <span class='ocrx_word' id='word_1_80' title='bbox 703 890 732 934; x_wconf 88' lang='lat' dir='ltr'><strong>et</strong></span> <span class='ocrx_word' id='word_1_81' title='bbox 752 876 886 936; x_wconf 80' lang='lat' dir='ltr'><strong>dedecus.</strong></span> 
     </span>
    </p>

    <p class='ocr_par' dir='ltr' id='par_1_3' title="bbox 100 946 1319 2485">
     <span class='ocr_line' id='line_1_10' title="bbox 186 946 1233 1031; baseline -0.009 -16"><span class='ocrx_word' id='word_1_82' title='bbox 186 962 212 1020; x_wconf 81' lang='grc'><strong>7.</strong></span> <span class='ocrx_word' id='word_1_83' title='bbox 252 956 296 1015; x_wconf 78' lang='lat' dir='ltr'><strong>ibe</strong></span> <span class='ocrx_word' id='word_1_84' title='bbox 316 955 409 1013; x_wconf 84' lang='lat' dir='ltr'><strong>verbis</strong></span> <span class='ocrx_word' id='word_1_85' title='bbox 430 976 489 1011; x_wconf 79' lang='lat' dir='ltr'><strong>urm</strong></span> <span class='ocrx_word' id='word_1_86' title='bbox 515 966 669 1013; x_wconf 86' lang='lat' dir='ltr'><strong>contentus</strong></span> <span class='ocrx_word' id='word_1_87' title='bbox 692 954 818 1031; x_wconf 87' lang='lat' dir='ltr'><strong>optimus</strong></span> <span class='ocrx_word' id='word_1_88' title='bbox 844 951 1000 1031; x_wconf 73' lang='lat' dir='ltr'><strong>Magister,</strong></span> <span class='ocrx_word' id='word_1_89' title='bbox 1031 949 1060 1007; x_wconf 91' lang='lat' dir='ltr'><strong>in</strong></span> <span class='ocrx_word' id='word_1_90' title='bbox 1094 946 1233 1027; x_wconf 82' lang='lat' dir='ltr'><strong>parabola</strong></span> 
     </span>
     <span class='ocr_line' id='line_1_11' title="bbox 106 1022 1319 1111; baseline -0.007 -22"><span class='ocrx_word' id='word_1_91' title='bbox 106 1032 239 1091; x_wconf 86' lang='lat' dir='ltr'><strong>velutin</strong></span> <span class='ocrx_word' id='word_1_92' title='bbox 260 1030 367 1099; x_wconf 81' lang='lat' dir='ltr'><strong>tabula,</strong></span> <span class='ocrx_word' id='word_1_93' title='bbox 388 1031 534 1111; x_wconf 85' lang='lat' dir='ltr'><strong>legitimae</strong></span> <span class='ocrx_word' id='word_1_94' title='bbox 550 1029 714 1088; x_wconf 88' lang='lat' dir='ltr'><strong>humilitatis</strong></span> <span class='ocrx_word' id='word_1_95' title='bbox 728 1030 881 1109; x_wconf 74' lang='lat' dir='ltr'><strong>imaginem</strong></span> <span class='ocrx_word' id='word_1_96' title='bbox 901 1028 986 1087; x_wconf 91' lang='lat' dir='ltr'><strong>nobis</strong></span> <span class='ocrx_word' id='word_1_97' title='bbox 1000 1022 1233 1105; x_wconf 79' lang='lat' dir='ltr'><strong>repraesentavit.</strong></span> <span class='ocrx_word' id='word_1_98' title='bbox 1315 1032 1319 1045; x_wconf 95' lang='lat'>&#39;</span> 
     </span>
     <span class='ocr_line' id='line_1_12' title="bbox 107 1100 1232 1185; baseline -0.008 -18"><span class='ocrx_word' id='word_1_99' title='bbox 107 1108 303 1168; x_wconf 76' lang='lat' dir='ltr'><strong>Publicanum</strong></span> <span class='ocrx_word' id='word_1_100' title='bbox 324 1106 399 1165; x_wconf 85' lang='lat' dir='ltr'><strong>enim</strong></span> <span class='ocrx_word' id='word_1_101' title='bbox 421 1108 561 1185; x_wconf 77' lang='lat' dir='ltr'><strong>profert,¹</strong></span> <span class='ocrx_word' id='word_1_102' title='bbox 581 1108 629 1183; x_wconf 87' lang='lat' dir='ltr'><strong>qui</strong></span> <span class='ocrx_word' id='word_1_103' title='bbox 650 1106 753 1185; x_wconf 83' lang='lat' dir='ltr'><strong>procul</strong></span> <span class='ocrx_word' id='word_1_104' title='bbox 772 1120 860 1174; x_wconf 84' lang='lat' dir='ltr'><strong>stans,</strong></span> <span class='ocrx_word' id='word_1_105' title='bbox 882 1125 934 1162; x_wconf 86' lang='lat' dir='ltr'><strong>nee</strong></span> <span class='ocrx_word' id='word_1_106' title='bbox 955 1104 1057 1163; x_wconf 83' lang='lat' dir='ltr'><strong>oculus</strong></span> <span class='ocrx_word' id='word_1_107' title='bbox 1076 1102 1184 1161; x_wconf 86' lang='lat' dir='ltr'><strong>audens</strong></span> <span class='ocrx_word' id='word_1_108' title='bbox 1204 1100 1232 1159; x_wconf 94' lang='lat' dir='ltr'><strong>iu</strong></span> 
     </span>
     <span class='ocr_line' id='line_1_13' title="bbox 107 1179 1236 1263; baseline -0.006 -18"><span class='ocrx_word' id='word_1_109' title='bbox 107 1184 224 1245; x_wconf 88' lang='lat' dir='ltr'><strong>coelum</strong></span> <span class='ocrx_word' id='word_1_110' title='bbox 245 1184 372 1263; x_wconf 87' lang='lat' dir='ltr'><strong>erigere,</strong></span> <span class='ocrx_word' id='word_1_111' title='bbox 393 1205 456 1240; x_wconf 91' lang='lat' dir='ltr'><strong>rum</strong></span> <span class='ocrx_word' id='word_1_112' title='bbox 477 1182 569 1240; x_wconf 89' lang='lat' dir='ltr'><strong>multu</strong></span> <span class='ocrx_word' id='word_1_113' title='bbox 590 1182 705 1259; x_wconf 83' lang='lat' dir='ltr'><strong>plain-tu</strong></span> <span class='ocrx_word' id='word_1_114' title='bbox 727 1193 806 1241; x_wconf 80' lang='lat' dir='ltr'><strong>orat:</strong></span> <span class='ocrx_word' id='word_1_115' title='bbox 826 1181 987 1255; x_wconf 83' lang='lat' dir='ltr'><strong>„Dumiue,</strong></span> <span class='ocrx_word' id='word_1_116' title='bbox 1008 1179 1152 1260; x_wconf 85' lang='lat' dir='ltr'><strong>propitius</strong></span> <span class='ocrx_word' id='word_1_117' title='bbox 1171 1189 1236 1238; x_wconf 85' lang='lat' dir='ltr'><strong>esto</strong></span> 
     </span>
     <span class='ocr_line' id='line_1_14' title="bbox 109 1258 1235 1339; baseline -0.006 -20"><span class='ocrx_word' id='word_1_118' title='bbox 109 1261 180 1319; x_wconf 90' lang='lat' dir='ltr'><strong>mihi</strong></span> <span class='ocrx_word' id='word_1_119' title='bbox 202 1261 368 1339; x_wconf 62' lang='lat' dir='ltr'><strong>peccaturi‘t</strong></span> <span class='ocrx_word' id='word_1_120' title='bbox 389 1260 474 1335; x_wconf 85' lang='lat' dir='ltr'><strong>(Luc.</strong></span> <span class='ocrx_word' id='word_1_121' title='bbox 494 1264 543 1333; x_wconf 75' lang='lat'><strong>18,</strong></span> <span class='ocrx_word' id='word_1_122' title='bbox 564 1260 637 1335; x_wconf 70' lang='lat' dir='ltr'><strong>aa).</strong></span> <span class='ocrx_word' id='word_1_123' title='bbox 677 1260 722 1316; x_wconf 75' lang='lat' dir='ltr'><strong>Ne</strong></span> <span class='ocrx_word' id='word_1_124' title='bbox 740 1269 872 1338; x_wconf 82' lang='lat' dir='ltr'><strong>puteanus</strong></span> <span class='ocrx_word' id='word_1_125' title='bbox 893 1278 955 1316; x_wconf 86' lang='lat' dir='ltr'><strong>esse</strong></span> <span class='ocrx_word' id='word_1_126' title='bbox 974 1258 1045 1315; x_wconf 91' lang='lat' dir='ltr'><strong>haec</strong></span> <span class='ocrx_word' id='word_1_127' title='bbox 1066 1258 1150 1315; x_wconf 84' lang='lat' dir='ltr'><strong>siclae</strong></span> <span class='ocrx_word' id='word_1_128' title='bbox 1170 1276 1235 1313; x_wconf 85' lang='lat' dir='ltr'><strong>nro-</strong></span> 
     </span>
     <span class='ocr_line' id='line_1_15' title="bbox 109 1332 1236 1415; baseline -0.005 -18"><span class='ocrx_word' id='word_1_129' title='bbox 109 1336 220 1397; x_wconf 85' lang='lat' dir='ltr'><strong>destiae</strong></span> <span class='ocrx_word' id='word_1_130' title='bbox 239 1337 331 1415; x_wconf 87' lang='lat' dir='ltr'><strong>signa,</strong></span> <span class='ocrx_word' id='word_1_131' title='bbox 362 1335 442 1414; x_wconf 80' lang='lat' dir='ltr'><strong>quod</strong></span> <span class='ocrx_word' id='word_1_132' title='bbox 462 1332 577 1393; x_wconf 88' lang='lat' dir='ltr'><strong>coelum</strong></span> <span class='ocrx_word' id='word_1_133' title='bbox 598 1355 658 1393; x_wconf 93' lang='lat' dir='ltr'><strong>non</strong></span> <span class='ocrx_word' id='word_1_134' title='bbox 678 1334 765 1393; x_wconf 90' lang='lat' dir='ltr'><strong>audet</strong></span> <span class='ocrx_word' id='word_1_135' title='bbox 783 1334 909 1403; x_wconf 87' lang='lat' dir='ltr'><strong>intueri,</strong></span> <span class='ocrx_word' id='word_1_136' title='bbox 939 1353 993 1393; x_wconf 91' lang='lat' dir='ltr'><strong>nec</strong></span> <span class='ocrx_word' id='word_1_137' title='bbox 1014 1332 1132 1413; x_wconf 87' lang='lat' dir='ltr'><strong>propius</strong></span> <span class='ocrx_word' id='word_1_138' title='bbox 1152 1352 1236 1391; x_wconf 89' lang='lat' dir='ltr'><strong>acce·</strong></span> 
     </span>
     <span class='ocr_line' id='line_1_16' title="bbox 109 1408 1237 1491; baseline -0.005 -18"><span class='ocrx_word' id='word_1_139' title='bbox 109 1414 198 1482; x_wconf 79' lang='lat' dir='ltr'><strong>dere,</strong></span> <span class='ocrx_word' id='word_1_140' title='bbox 223 1413 302 1491; x_wconf 85' lang='lat' dir='ltr'><strong>quod</strong></span> <span class='ocrx_word' id='word_1_141' title='bbox 329 1423 430 1491; x_wconf 90' lang='lat' dir='ltr'><strong>pectus</strong></span> <span class='ocrx_word' id='word_1_142' title='bbox 450 1410 616 1490; x_wconf 87' lang='lat' dir='ltr'><strong>plangendo</strong></span> <span class='ocrx_word' id='word_1_143' title='bbox 636 1423 820 1489; x_wconf 88' lang='lat' dir='ltr'><strong>peccatorem</strong></span> <span class='ocrx_word' id='word_1_144' title='bbox 840 1430 871 1469; x_wconf 85' lang='lat' dir='ltr'><strong>se</strong></span> <span class='ocrx_word' id='word_1_145' title='bbox 892 1410 1014 1468; x_wconf 84' lang='lat' dir='ltr'><strong>fatetur:</strong></span> <span class='ocrx_word' id='word_1_146' title='bbox 1044 1411 1094 1469; x_wconf 88' lang='lat' dir='ltr'><strong>sed</strong></span> <span class='ocrx_word' id='word_1_147' title='bbox 1115 1408 1237 1467; x_wconf 85' lang='lat' dir='ltr'><strong>interio-</strong></span> 
     </span>
     <span class='ocr_line' id='line_1_17' title="bbox 109 1486 1236 1563; baseline -0.005 -14"><span class='ocrx_word' id='word_1_148' title='bbox 109 1490 150 1549; x_wconf 88' lang='lat' dir='ltr'><strong>ris</strong></span> <span class='ocrx_word' id='word_1_149' title='bbox 169 1488 290 1549; x_wconf 79' lang='lat' dir='ltr'><strong>allectus</strong></span> <span class='ocrx_word' id='word_1_150' title='bbox 308 1489 431 1547; x_wconf 87' lang='lat' dir='ltr'><strong>aciamus</strong></span> <span class='ocrx_word' id='word_1_151' title='bbox 451 1508 513 1546; x_wconf 88' lang='lat' dir='ltr'><strong>esse</strong></span> <span class='ocrx_word' id='word_1_152' title='bbox 526 1486 706 1545; x_wconf 83' lang='lat' dir='ltr'><strong>¹testimonia.</strong></span> <span class='ocrx_word' id='word_1_153' title='bbox 751 1486 793 1545; x_wconf 79' lang='lat' dir='ltr'><strong>Ex</strong></span> <span class='ocrx_word' id='word_1_154' title='bbox 817 1487 937 1545; x_wconf 86' lang='lat' dir='ltr'><strong>adverso</strong></span> <span class='ocrx_word' id='word_1_155' title='bbox 968 1486 1155 1544; x_wconf 84' lang='lat' dir='ltr'><strong>Pharisaeuru</strong></span> <span class='ocrx_word' id='word_1_156' title='bbox 1181 1504 1236 1563; x_wconf 84' lang='lat' dir='ltr'><strong>up-</strong></span> 
     </span>
     <span class='ocr_line' id='line_1_18' title="bbox 100 1562 1239 1697; baseline -0.005 -72"><span class='ocrx_word' id='word_1_157' title='bbox 100 1566 206 1647; x_wconf 88' lang='lat' dir='ltr'><strong>-ponit‚</strong></span> <span class='ocrx_word' id='word_1_158' title='bbox 225 1565 275 1643; x_wconf 90' lang='lat' dir='ltr'><strong>qui</strong></span> <span class='ocrx_word' id='word_1_159' title='bbox 295 1565 400 1654; x_wconf 83' lang='lat' dir='ltr'><strong>gratias</strong></span> <span class='ocrx_word' id='word_1_160' title='bbox 420 1564 480 1643; x_wconf 88' lang='lat' dir='ltr'><strong>agit</strong></span> <span class='ocrx_word' id='word_1_161' title='bbox 499 1564 565 1623; x_wconf 84' lang='lat' dir='ltr'><strong>lien</strong></span> <span class='ocrx_word' id='word_1_162' title='bbox 587 1562 666 1697; x_wconf 77' lang='lat' dir='ltr'><strong>guod</strong></span> <span class='ocrx_word' id='word_1_163' title='bbox 688 1584 747 1621; x_wconf 91' lang='lat' dir='ltr'><strong>non</strong></span> <span class='ocrx_word' id='word_1_164' title='bbox 769 1564 805 1622; x_wconf 90' lang='lat' dir='ltr'><strong>sit</strong></span> <span class='ocrx_word' id='word_1_165' title='bbox 825 1583 858 1621; x_wconf 86' lang='lat' dir='ltr'><strong>ex</strong></span> <span class='ocrx_word' id='word_1_166' title='bbox 876 1562 965 1653; x_wconf 88' lang='lat' dir='ltr'><strong>vulgo</strong></span> <span class='ocrx_word' id='word_1_167' title='bbox 992 1563 1157 1635; x_wconf 83' lang='lat' dir='ltr'><strong>huminum,</strong></span> <span class='ocrx_word' id='word_1_168' title='bbox 1187 1571 1239 1620; x_wconf 87' lang='lat' dir='ltr'><strong>aut</strong></span> 
     </span>
     <span class='ocr_line' id='line_1_19' title="bbox 110 1637 1238 1721; baseline -0.007 -18"><span class='ocrx_word' id='word_1_169' title='bbox 110 1654 224 1721; x_wconf 78' lang='lat' dir='ltr'><strong>raptor,</strong></span> <span class='ocrx_word' id='word_1_170' title='bbox 241 1653 291 1699; x_wconf 86' lang='lat' dir='ltr'><strong>aut</strong></span> <span class='ocrx_word' id='word_1_171' title='bbox 309 1642 446 1713; x_wconf 83' lang='lat' dir='ltr'><strong>iniustus,</strong></span> <span class='ocrx_word' id='word_1_172' title='bbox 465 1656 515 1699; x_wconf 87' lang='lat' dir='ltr'><strong>aut</strong></span> <span class='ocrx_word' id='word_1_173' title='bbox 534 1640 590 1698; x_wconf 88' lang='lat' dir='ltr'><strong>adu</strong></span> <span class='ocrx_word' id='word_1_174' title='bbox 604 1652 662 1698; x_wconf 90' lang='lat' dir='ltr'><strong>ter:</strong></span> <span class='ocrx_word' id='word_1_175' title='bbox 683 1639 822 1717; x_wconf 88' lang='lat' dir='ltr'><strong>quoniam</strong></span> <span class='ocrx_word' id='word_1_176' title='bbox 843 1639 886 1699; x_wconf 90' lang='lat' dir='ltr'><strong>bis</strong></span> <span class='ocrx_word' id='word_1_177' title='bbox 906 1640 1050 1699; x_wconf 83' lang='lat' dir='ltr'><strong>ieiunaret</strong></span> <span class='ocrx_word' id='word_1_178' title='bbox 1062 1637 1092 1697; x_wconf 93' lang='lat' dir='ltr'><strong>in</strong></span> <span class='ocrx_word' id='word_1_179' title='bbox 1102 1637 1238 1711; x_wconf 86' lang='lat' dir='ltr'><strong>sabbato,</strong></span> 
     </span>
     <span class='ocr_line' id='line_1_20' title="bbox 111 1714 1238 1797; baseline -0.005 -20"><span class='ocrx_word' id='word_1_180' title='bbox 111 1718 238 1778; x_wconf 88' lang='lat' dir='ltr'><strong>decimas</strong></span> <span class='ocrx_word' id='word_1_181' title='bbox 270 1717 352 1776; x_wconf 86' lang='lat' dir='ltr'><strong>daret</strong></span> <span class='ocrx_word' id='word_1_182' title='bbox 381 1717 509 1776; x_wconf 89' lang='lat' dir='ltr'><strong>omnium</strong></span> <span class='ocrx_word' id='word_1_183' title='bbox 537 1738 610 1795; x_wconf 74' lang='lat' dir='ltr'><strong>quiae</strong></span> <span class='ocrx_word' id='word_1_184' title='bbox 636 1715 812 1797; x_wconf 85' lang='lat' dir='ltr'><strong>possidebat.</strong></span> <span class='ocrx_word' id='word_1_185' title='bbox 832 1750 869 1761; x_wconf 88' lang='lat'><em>-</em></span> <span class='ocrx_word' id='word_1_186' title='bbox 917 1716 1026 1795; x_wconf 76' lang='lat' dir='ltr'><strong>Aperta</strong></span> <span class='ocrx_word' id='word_1_187' title='bbox 1053 1714 1238 1773; x_wconf 72' lang='lat' dir='ltr'><strong>consessione</strong></span> 
     </span>
     <span class='ocr_line' id='line_1_21' title="bbox 110 1790 1237 1877; baseline -0.008 -22"><span class='ocrx_word' id='word_1_188' title='bbox 110 1794 248 1877; x_wconf 81' lang='lat' dir='ltr'><strong>agnoscit</strong></span> <span class='ocrx_word' id='word_1_189' title='bbox 267 1814 327 1853; x_wconf 85' lang='lat' dir='ltr'><strong>esse</strong></span> <span class='ocrx_word' id='word_1_190' title='bbox 348 1792 404 1851; x_wconf 87' lang='lat' dir='ltr'><strong>Dei</strong></span> <span class='ocrx_word' id='word_1_191' title='bbox 425 1792 546 1868; x_wconf 84' lang='lat' dir='ltr'><strong>donum,</strong></span> <span class='ocrx_word' id='word_1_192' title='bbox 589 1815 651 1851; x_wconf 80' lang='lat' dir='ltr'><strong>ianm</strong></span> <span class='ocrx_word' id='word_1_193' title='bbox 674 1792 761 1851; x_wconf 86' lang='lat' dir='ltr'><strong>hahet</strong></span> <span class='ocrx_word' id='word_1_194' title='bbox 786 1793 935 1852; x_wconf 88' lang='lat' dir='ltr'><strong>iustitiam:</strong></span> <span class='ocrx_word' id='word_1_195' title='bbox 967 1794 1017 1851; x_wconf 87' lang='lat' dir='ltr'><strong>sed</strong></span> <span class='ocrx_word' id='word_1_196' title='bbox 1039 1790 1106 1871; x_wconf 83' lang='lat' dir='ltr'><strong>quia</strong></span> <span class='ocrx_word' id='word_1_197' title='bbox 1132 1791 1237 1849; x_wconf 87' lang='lat' dir='ltr'><strong>iustum</strong></span> 
     </span>
     <span class='ocr_line' id='line_1_22' title="bbox 109 1815 1239 1953; baseline -0.004 -24"><span class='ocrx_word' id='word_1_198' title='bbox 109 1890 225 1953; x_wconf 72' lang='lat' dir='ltr'><strong>secuse</strong></span> <span class='ocrx_word' id='word_1_199' title='bbox 242 1869 374 1939; x_wconf 78' lang='lat' dir='ltr'><strong>contidit,</strong></span> <span class='ocrx_word' id='word_1_200' title='bbox 394 1868 515 1929; x_wconf 78' lang='lat' dir='ltr'><strong>discedit</strong></span> <span class='ocrx_word' id='word_1_201' title='bbox 534 1892 549 1928; x_wconf 87' lang='lat' dir='ltr'><strong>a</strong></span> <span class='ocrx_word' id='word_1_202' title='bbox 567 1815 643 1929; x_wconf 78' lang='lat' dir='ltr'><strong>iacis</strong></span> <span class='ocrx_word' id='word_1_203' title='bbox 663 1869 719 1927; x_wconf 86' lang='lat' dir='ltr'><strong>Dei</strong></span> <span class='ocrx_word' id='word_1_204' title='bbox 739 1868 869 1947; x_wconf 84' lang='lat' dir='ltr'><strong>ingratus</strong></span> <span class='ocrx_word' id='word_1_205' title='bbox 889 1881 919 1927; x_wconf 92' lang='lat' dir='ltr'><strong>et</strong></span> <span class='ocrx_word' id='word_1_206' title='bbox 938 1868 1065 1928; x_wconf 87' lang='lat' dir='ltr'><strong>odiosus.</strong></span> <span class='ocrx_word' id='word_1_207' title='bbox 1103 1863 1239 1925; x_wconf 83' lang='lat' dir='ltr'><strong>Publica·</strong></span> 
     </span>
     <span class='ocr_line' id='line_1_23' title="bbox 111 1944 1242 2025; baseline -0.004 -19"><span class='ocrx_word' id='word_1_208' title='bbox 111 1968 167 2007; x_wconf 86' lang='lat' dir='ltr'><strong>nus</strong></span> <span class='ocrx_word' id='word_1_209' title='bbox 186 1966 252 2007; x_wconf 86' lang='lat' dir='ltr'><strong>suae</strong></span> <span class='ocrx_word' id='word_1_210' title='bbox 270 1946 429 2025; x_wconf 88' lang='lat' dir='ltr'><strong>iniquitatis</strong></span> <span class='ocrx_word' id='word_1_211' title='bbox 448 1946 598 2025; x_wconf 78' lang='lat' dir='ltr'><strong>agnitione</strong></span> <span class='ocrx_word' id='word_1_212' title='bbox 619 1944 795 2006; x_wconf 63' lang='lat' dir='ltr'><strong>iustihcatur.</strong></span> <span class='ocrx_word' id='word_1_213' title='bbox 836 1946 912 2005; x_wconf 82' lang='lat' dir='ltr'><strong>ilinc</strong></span> <span class='ocrx_word' id='word_1_214' title='bbox 932 1944 1030 2003; x_wconf 85' lang='lat' dir='ltr'><strong>videre</strong></span> <span class='ocrx_word' id='word_1_215' title='bbox 1043 1944 1242 2021; x_wconf 86' lang='lat' dir='ltr'><strong>licet,quanta&#39;</strong></span> 
     </span>
     <span class='ocr_line' id='line_1_24' title="bbox 111 2022 1239 2103; baseline -0.005 -21"><span class='ocrx_word' id='word_1_216' title='bbox 111 2024 153 2083; x_wconf 87' lang='lat' dir='ltr'><strong>sit</strong></span> <span class='ocrx_word' id='word_1_217' title='bbox 171 2022 376 2082; x_wconf 85' lang='lat' dir='ltr'><strong>bumiliationis</strong></span> <span class='ocrx_word' id='word_1_218' title='bbox 407 2036 524 2081; x_wconf 87' lang='lat' dir='ltr'><strong>nostrae</strong></span> <span class='ocrx_word' id='word_1_219' title='bbox 554 2026 646 2103; x_wconf 86' lang='lat' dir='ltr'><strong>gratia</strong></span> <span class='ocrx_word' id='word_1_220' title='bbox 676 2044 775 2082; x_wconf 87' lang='lat' dir='ltr'><strong>curam</strong></span> <span class='ocrx_word' id='word_1_221' title='bbox 806 2022 954 2082; x_wconf 85' lang='lat' dir='ltr'><strong>Domino:</strong></span> <span class='ocrx_word' id='word_1_222' title='bbox 987 2034 1019 2081; x_wconf 94' lang='lat' dir='ltr'><strong>ut</strong></span> <span class='ocrx_word' id='word_1_223' title='bbox 1049 2042 1109 2080; x_wconf 90' lang='lat' dir='ltr'><strong>non</strong></span> <span class='ocrx_word' id='word_1_224' title='bbox 1141 2028 1239 2099; x_wconf 86' lang='lat' dir='ltr'><strong>pateat</strong></span> 
     </span>
     <span class='ocr_line' id='line_1_25' title="bbox 110 2097 1240 2180; baseline -0.005 -19"><span class='ocrx_word' id='word_1_225' title='bbox 110 2098 311 2180; x_wconf 64' lang='lat' dir='ltr'><strong>suscipiendae</strong></span> <span class='ocrx_word' id='word_1_226' title='bbox 331 2100 392 2157; x_wconf 90' lang='lat' dir='ltr'><strong>eius</strong></span> <span class='ocrx_word' id='word_1_227' title='bbox 412 2099 628 2159; x_wconf 81' lang='lat' dir='ltr'><strong>misericordiae</strong></span> <span class='ocrx_word' id='word_1_228' title='bbox 670 2111 762 2171; x_wconf 88' lang='lat' dir='ltr'><strong>ectus,</strong></span> <span class='ocrx_word' id='word_1_229' title='bbox 783 2100 837 2159; x_wconf 90' lang='lat' dir='ltr'><strong>nisi</strong></span> <span class='ocrx_word' id='word_1_230' title='bbox 857 2099 937 2159; x_wconf 91' lang='lat' dir='ltr'><strong>omni</strong></span> <span class='ocrx_word' id='word_1_231' title='bbox 956 2100 1093 2178; x_wconf 87' lang='lat' dir='ltr'><strong>propriae</strong></span> <span class='ocrx_word' id='word_1_232' title='bbox 1114 2097 1240 2177; x_wconf 88' lang='lat' dir='ltr'><strong>dignita·</strong></span> 
     </span>
     <span class='ocr_line' id='line_1_26' title="bbox 111 2120 1238 2257; baseline -0.005 -20"><span class='ocrx_word' id='word_1_233' title='bbox 111 2176 150 2237; x_wconf 80' lang='lat' dir='ltr'><strong>tis</strong></span> <span class='ocrx_word' id='word_1_234' title='bbox 169 2176 310 2257; x_wconf 87' lang='lat' dir='ltr'><strong>opinione</strong></span> <span class='ocrx_word' id='word_1_235' title='bbox 330 2197 447 2253; x_wconf 88' lang='lat' dir='ltr'><strong>prorsus</strong></span> <span class='ocrx_word' id='word_1_236' title='bbox 467 2197 596 2235; x_wconf 82' lang='lat' dir='ltr'><strong>uacuum.</strong></span> <span class='ocrx_word' id='word_1_237' title='bbox 636 2120 715 2235; x_wconf 79' lang='lat' dir='ltr'><strong>llaec</strong></span> <span class='ocrx_word' id='word_1_238' title='bbox 735 2175 785 2233; x_wconf 92' lang='lat' dir='ltr'><strong>ubi</strong></span> <span class='ocrx_word' id='word_1_239' title='bbox 806 2176 968 2255; x_wconf 87' lang='lat' dir='ltr'><strong>occupavit,</strong></span> <span class='ocrx_word' id='word_1_240' title='bbox 989 2174 1030 2233; x_wconf 88' lang='lat' dir='ltr'><strong>illi</strong></span> <span class='ocrx_word' id='word_1_241' title='bbox 1048 2174 1158 2233; x_wconf 86' lang='lat' dir='ltr'><strong>claudit</strong></span> <span class='ocrx_word' id='word_1_242' title='bbox 1176 2173 1238 2232; x_wconf 90' lang='lat' dir='ltr'><strong>adi-</strong></span> 
     </span>
     <span class='ocr_line' id='line_1_27' title="bbox 112 2251 1243 2327; baseline -0.005 -14"><span class='ocrx_word' id='word_1_243' title='bbox 112 2266 185 2315; x_wconf 86' lang='lat' dir='ltr'><strong>tum.</strong></span> <span class='ocrx_word' id='word_1_244' title='bbox 225 2252 315 2327; x_wconf 85' lang='lat' dir='ltr'><strong>Quod</strong></span> <span class='ocrx_word' id='word_1_245' title='bbox 337 2272 374 2310; x_wconf 92' lang='lat' dir='ltr'><strong>ne</strong></span> <span class='ocrx_word' id='word_1_246' title='bbox 393 2253 439 2311; x_wconf 91' lang='lat' dir='ltr'><strong>cni</strong></span> <span class='ocrx_word' id='word_1_247' title='bbox 460 2252 579 2311; x_wconf 90' lang='lat' dir='ltr'><strong>dubium</strong></span> <span class='ocrx_word' id='word_1_248' title='bbox 602 2253 696 2324; x_wconf 87' lang='lat' dir='ltr'><strong>iuret,</strong></span> <span class='ocrx_word' id='word_1_249' title='bbox 726 2272 791 2311; x_wconf 90' lang='lat' dir='ltr'><strong>cum</strong></span> <span class='ocrx_word' id='word_1_250' title='bbox 812 2251 868 2311; x_wconf 89' lang='lat' dir='ltr'><strong>hoc</strong></span> <span class='ocrx_word' id='word_1_251' title='bbox 888 2252 1024 2311; x_wconf 87' lang='lat' dir='ltr'><strong>mandato</strong></span> <span class='ocrx_word' id='word_1_252' title='bbox 1044 2252 1176 2310; x_wconf 84' lang='lat' dir='ltr'><strong>dimissus</strong></span> <span class='ocrx_word' id='word_1_253' title='bbox 1196 2260 1243 2308; x_wconf 83' lang='lat' dir='ltr'><strong>est</strong></span> 
     </span>
     <span class='ocr_line' id='line_1_28' title="bbox 113 2326 1244 2408; baseline -0.007 -17"><span class='ocrx_word' id='word_1_254' title='bbox 113 2328 247 2391; x_wconf 84' lang='lat' dir='ltr'><strong>Christus</strong></span> <span class='ocrx_word' id='word_1_255' title='bbox 266 2350 282 2388; x_wconf 88' lang='lat' dir='ltr'><strong>a</strong></span> <span class='ocrx_word' id='word_1_256' title='bbox 303 2328 389 2387; x_wconf 83' lang='lat' dir='ltr'><strong>Patre</strong></span> <span class='ocrx_word' id='word_1_257' title='bbox 409 2328 437 2387; x_wconf 90' lang='lat' dir='ltr'><strong>in</strong></span> <span class='ocrx_word' id='word_1_258' title='bbox 458 2340 586 2402; x_wconf 88' lang='lat' dir='ltr'><strong>terram,</strong></span> <span class='ocrx_word' id='word_1_259' title='bbox 609 2340 643 2389; x_wconf 90' lang='lat' dir='ltr'><strong>ut</strong></span> <span class='ocrx_word' id='word_1_260' title='bbox 662 2327 875 2407; x_wconf 77' lang='lat' dir='ltr'><strong>evangelizaret</strong></span> <span class='ocrx_word' id='word_1_261' title='bbox 892 2328 1083 2408; x_wconf 76' lang='lat' dir='ltr'><strong>pauperibus,</strong></span> <span class='ocrx_word' id='word_1_262' title='bbox 1107 2326 1244 2386; x_wconf 88' lang='lat' dir='ltr'><strong>medere·</strong></span> 
     </span>
     <span class='ocr_line' id='line_1_29' title="bbox 115 2404 1242 2485; baseline -0.007 -18"><span class='ocrx_word' id='word_1_263' title='bbox 115 2418 166 2467; x_wconf 89' lang='lat' dir='ltr'><strong>tur</strong></span> <span class='ocrx_word' id='word_1_264' title='bbox 184 2406 317 2465; x_wconf 86' lang='lat' dir='ltr'><strong>contritis</strong></span> <span class='ocrx_word' id='word_1_265' title='bbox 337 2404 437 2478; x_wconf 87' lang='lat' dir='ltr'><strong>corde,</strong></span> <span class='ocrx_word' id='word_1_266' title='bbox 457 2406 638 2484; x_wconf 84' lang='lat' dir='ltr'><strong>praedicaret</strong></span> <span class='ocrx_word' id='word_1_267' title='bbox 656 2406 775 2483; x_wconf 84' lang='lat' dir='ltr'><strong>captivis</strong></span> <span class='ocrx_word' id='word_1_268' title='bbox 794 2404 970 2477; x_wconf 83' lang='lat' dir='ltr'><strong>libertatem,</strong></span> <span class='ocrx_word' id='word_1_269' title='bbox 989 2404 1093 2465; x_wconf 83' lang='lat' dir='ltr'><strong>clausis</strong></span> <span class='ocrx_word' id='word_1_270' title='bbox 1111 2404 1242 2485; x_wconf 78' lang='lat' dir='ltr'><strong>apertio-</strong></span> 
     </span>
    </p>
   </div>
   <div class='ocr_carea' id='block_1_3' title="bbox 115 2480 1242 2615">
    <p class='ocr_par' dir='ltr' id='par_1_4' title="bbox 115 2480 1242 2615">
     <span class='ocr_line' id='line_1_30' title="bbox 115 2480 1242 2615; baseline -0.003 -74"><span class='ocrx_word' id='word_1_271' title='bbox 115 2503 194 2555; x_wconf 89' lang='lat' dir='ltr'><strong>nem,</strong></span> <span class='ocrx_word' id='word_1_272' title='bbox 214 2482 417 2541; x_wconf 80' lang='lat' dir='ltr'><strong>consolaretur</strong></span> <span class='ocrx_word' id='word_1_273' title='bbox 436 2481 584 2561; x_wconf 87' lang='lat' dir='ltr'><strong>lugentes:</strong></span> <span class='ocrx_word' id='word_1_274' title='bbox 615 2483 698 2541; x_wconf 83' lang='lat' dir='ltr'><strong>daret</strong></span> <span class='ocrx_word' id='word_1_275' title='bbox 715 2480 773 2541; x_wconf 84' lang='lat' dir='ltr'><strong>illis</strong></span> <span class='ocrx_word' id='word_1_276' title='bbox 790 2482 913 2563; x_wconf 79' lang='lat' dir='ltr'><strong>gloriam</strong></span> <span class='ocrx_word' id='word_1_277' title='bbox 923 2502 988 2615; x_wconf 80' lang='lat' dir='ltr'><strong>1pro</strong></span> <span class='ocrx_word' id='word_1_278' title='bbox 1008 2482 1123 2554; x_wconf 86' lang='lat' dir='ltr'><strong>cinere,</strong></span> <span class='ocrx_word' id='word_1_279' title='bbox 1144 2480 1242 2540; x_wconf 85' lang='lat' dir='ltr'><strong>oleum</strong></span> 
     </span>
    </p>
   </div>
   <div class='ocr_carea' id='block_1_4' title="bbox 116 2556 1295 4405">
    <p class='ocr_par' dir='ltr' id='par_1_5' title="bbox 116 2556 1243 2867">
     <span class='ocr_line' id='line_1_31' title="bbox 116 2556 1243 2650; baseline -0.004 -31"><span class='ocrx_word' id='word_1_280' title='bbox 116 2580 173 2641; x_wconf 90' lang='lat' dir='ltr'><strong>pro</strong></span> <span class='ocrx_word' id='word_1_281' title='bbox 193 2558 284 2627; x_wconf 85' lang='lat' dir='ltr'><strong>luctu,</strong></span> <span class='ocrx_word' id='word_1_282' title='bbox 305 2556 422 2638; x_wconf 86' lang='lat' dir='ltr'><strong>pallium</strong></span> <span class='ocrx_word' id='word_1_283' title='bbox 444 2558 534 2617; x_wconf 88' lang='lat' dir='ltr'><strong>laudis</strong></span> <span class='ocrx_word' id='word_1_284' title='bbox 554 2580 608 2639; x_wconf 91' lang='lat' dir='ltr'><strong>pro</strong></span> <span class='ocrx_word' id='word_1_285' title='bbox 628 2558 730 2650; x_wconf 83' lang='lat' dir='ltr'><strong>spiritu</strong></span> <span class='ocrx_word' id='word_1_286' title='bbox 750 2558 919 2636; x_wconf 85' lang='lat' dir='ltr'><strong>moeroris(</strong></span> <span class='ocrx_word' id='word_1_287' title='bbox 940 2560 1167 2633; x_wconf 78' lang='lat' dir='ltr'><strong>es.ttt‚1.et3.)</strong></span> <span class='ocrx_word' id='word_1_288' title='bbox 1186 2556 1243 2615; x_wconf 85' lang='lat' dir='ltr'><strong>Se-</strong></span> 
     </span>
     <span class='ocr_line' id='line_1_32' title="bbox 116 2632 1241 2714; baseline -0.004 -18"><span class='ocrx_word' id='word_1_289' title='bbox 116 2634 244 2696; x_wconf 89' lang='lat' dir='ltr'><strong>cundum</strong></span> <span class='ocrx_word' id='word_1_290' title='bbox 264 2634 339 2693; x_wconf 87' lang='lat' dir='ltr'><strong>istud</strong></span> <span class='ocrx_word' id='word_1_291' title='bbox 359 2634 540 2708; x_wconf 85' lang='lat' dir='ltr'><strong>mandatum,</strong></span> <span class='ocrx_word' id='word_1_292' title='bbox 561 2635 677 2695; x_wconf 79' lang='lat' dir='ltr'><strong>nonnisi</strong></span> <span class='ocrx_word' id='word_1_293' title='bbox 693 2632 859 2694; x_wconf 85' lang='lat' dir='ltr'><strong>laborantes</strong></span> <span class='ocrx_word' id='word_1_294' title='bbox 879 2647 909 2693; x_wconf 90' lang='lat' dir='ltr'><strong>et</strong></span> <span class='ocrx_word' id='word_1_295' title='bbox 928 2647 1066 2694; x_wconf 85' lang='lat' dir='ltr'><strong>oneratos</strong></span> <span class='ocrx_word' id='word_1_296' title='bbox 1090 2636 1125 2694; x_wconf 91' lang='lat' dir='ltr'><strong>ad</strong></span> <span class='ocrx_word' id='word_1_297' title='bbox 1149 2634 1241 2714; x_wconf 90' lang='lat' dir='ltr'><strong>parti-</strong></span> 
     </span>
     <span class='ocr_line' id='line_1_33' title="bbox 116 2711 1241 2791; baseline 0 -20"><span class='ocrx_word' id='word_1_298' title='bbox 116 2712 267 2791; x_wconf 88' lang='lat' dir='ltr'><strong>cipandam</strong></span> <span class='ocrx_word' id='word_1_299' title='bbox 287 2731 367 2768; x_wconf 84' lang='lat' dir='ltr'><strong>uiam</strong></span> <span class='ocrx_word' id='word_1_300' title='bbox 387 2711 609 2770; x_wconf 87' lang='lat' dir='ltr'><strong>beneficentiam</strong></span> <span class='ocrx_word' id='word_1_301' title='bbox 630 2711 740 2770; x_wconf 87' lang='lat' dir='ltr'><strong>invitat.</strong></span> <span class='ocrx_word' id='word_1_302' title='bbox 778 2712 816 2770; x_wconf 85' lang='lat' dir='ltr'><strong>Et</strong></span> <span class='ocrx_word' id='word_1_303' title='bbox 835 2712 919 2773; x_wconf 83' lang='lat' dir='ltr'><strong>alibi:</strong></span> <span class='ocrx_word' id='word_1_304' title='bbox 939 2713 1027 2784; x_wconf 89' lang='lat' dir='ltr'><strong>„Non</strong></span> <span class='ocrx_word' id='word_1_305' title='bbox 1050 2712 1115 2771; x_wconf 85' lang='lat' dir='ltr'><strong>veni</strong></span> <span class='ocrx_word' id='word_1_306' title='bbox 1136 2712 1241 2771; x_wconf 73' lang='lat' dir='ltr'><strong>adiu·</strong></span> 
     </span>
     <span class='ocr_line' id='line_1_34' title="bbox 116 2785 1093 2867; baseline -0.004 -18"><span class='ocrx_word' id='word_1_307' title='bbox 116 2802 179 2849; x_wconf 86' lang='lat' dir='ltr'><strong>stus</strong></span> <span class='ocrx_word' id='word_1_308' title='bbox 197 2786 355 2857; x_wconf 74' lang='lat' dir='ltr'><strong>socundus,</strong></span> <span class='ocrx_word' id='word_1_309' title='bbox 374 2786 422 2845; x_wconf 87' lang='lat' dir='ltr'><strong>sed</strong></span> <span class='ocrx_word' id='word_1_310' title='bbox 444 2795 634 2867; x_wconf 84' lang='lat' dir='ltr'><strong>peccatores“</strong></span> <span class='ocrx_word' id='word_1_311' title='bbox 651 2785 770 2863; x_wconf 85' lang='lat' dir='ltr'><strong>(hlatth.</strong></span> <span class='ocrx_word' id='word_1_312' title='bbox 789 2795 837 2859; x_wconf 81' lang='grc'><strong>11,</strong></span> <span class='ocrx_word' id='word_1_313' title='bbox 856 2794 902 2851; x_wconf 75' lang='grc'><strong>28.</strong></span> <span class='ocrx_word' id='word_1_314' title='bbox 924 2802 953 2848; x_wconf 88' lang='lat' dir='ltr'><strong>et</strong></span> <span class='ocrx_word' id='word_1_315' title='bbox 970 2794 1000 2864; x_wconf 85' lang='lat'><strong>9,</strong></span> <span class='ocrx_word' id='word_1_316' title='bbox 1021 2790 1093 2863; x_wconf 84' lang='grc'><strong>13.).</strong></span> 
     </span>
    </p>

    <p class='ocr_par' dir='ltr' id='par_1_6' title="bbox 116 2862 1295 4405">
     <span class='ocr_line' id='line_1_35' title="bbox 194 2862 1242 2943; baseline 0.004 -23"><span class='ocrx_word' id='word_1_317' title='bbox 194 2868 222 2927; x_wconf 85' lang='grc'><strong>8.</strong></span> <span class='ocrx_word' id='word_1_318' title='bbox 260 2862 300 2921; x_wconf 84' lang='lat' dir='ltr'><strong>Er</strong></span> <span class='ocrx_word' id='word_1_319' title='bbox 322 2884 340 2921; x_wconf 90' lang='grc' dir='ltr'>ο</span> <span class='ocrx_word' id='word_1_320' title='bbox 360 2862 383 2920; x_wconf 89' lang='lat' dir='ltr'><strong>si</strong></span> <span class='ocrx_word' id='word_1_321' title='bbox 400 2864 507 2922; x_wconf 77' lang='lat' dir='ltr'><strong>Christi</strong></span> <span class='ocrx_word' id='word_1_322' title='bbox 527 2865 675 2923; x_wconf 83' lang='lat' dir='ltr'><strong>vocationi</strong></span> <span class='ocrx_word' id='word_1_323' title='bbox 695 2862 792 2922; x_wconf 90' lang='lat' dir='ltr'><strong>locum</strong></span> <span class='ocrx_word' id='word_1_324' title='bbox 814 2866 882 2924; x_wconf 89' lang='lat' dir='ltr'><strong>dare</strong></span> <span class='ocrx_word' id='word_1_325' title='bbox 903 2864 984 2935; x_wconf 87' lang='lat' dir='ltr'><strong>libet,</strong></span> <span class='ocrx_word' id='word_1_326' title='bbox 1005 2864 1242 2943; x_wconf 86' lang='lat' dir='ltr'><strong>iacessatprocul</strong></span> 
     </span>
     <span class='ocr_line' id='line_1_36' title="bbox 118 2939 1244 3019; baseline -0.003 -17"><span class='ocrx_word' id='word_1_327' title='bbox 118 2939 215 3003; x_wconf 89' lang='lat' dir='ltr'><strong>omnis</strong></span> <span class='ocrx_word' id='word_1_328' title='bbox 234 2958 251 2997; x_wconf 81' lang='lat' dir='ltr'><strong>a</strong></span> <span class='ocrx_word' id='word_1_329' title='bbox 269 2960 309 2998; x_wconf 91' lang='lat' dir='ltr'><strong>no</strong></span> <span class='ocrx_word' id='word_1_330' title='bbox 333 2939 354 2997; x_wconf 88' lang='lat' dir='ltr'><strong>is</strong></span> <span class='ocrx_word' id='word_1_331' title='bbox 374 2950 435 2998; x_wconf 89' lang='lat' dir='ltr'><strong>tum</strong></span> <span class='ocrx_word' id='word_1_332' title='bbox 454 2940 636 3019; x_wconf 81' lang='lat' dir='ltr'><strong>arrogantia,</strong></span> <span class='ocrx_word' id='word_1_333' title='bbox 668 2952 727 2998; x_wconf 89' lang='lat' dir='ltr'><strong>tum</strong></span> <span class='ocrx_word' id='word_1_334' title='bbox 753 2940 899 3000; x_wconf 80' lang='lat' dir='ltr'><strong>securitas.</strong></span> <span class='ocrx_word' id='word_1_335' title='bbox 938 2942 991 3001; x_wconf 87' lang='lat' dir='ltr'><strong>illa</strong></span> <span class='ocrx_word' id='word_1_336' title='bbox 1013 2962 1045 2999; x_wconf 87' lang='lat' dir='ltr'><strong>ex</strong></span> <span class='ocrx_word' id='word_1_337' title='bbox 1065 2942 1152 2999; x_wconf 89' lang='lat' dir='ltr'><strong>stulta</strong></span> <span class='ocrx_word' id='word_1_338' title='bbox 1174 2961 1244 3019; x_wconf 88' lang='lat' dir='ltr'><strong>pro-</strong></span> 
     </span>
     <span class='ocr_line' id='line_1_37' title="bbox 118 3014 1242 3099; baseline 0.001 -23"><span class='ocrx_word' id='word_1_339' title='bbox 118 3018 200 3099; x_wconf 89' lang='lat' dir='ltr'><strong>priae</strong></span> <span class='ocrx_word' id='word_1_340' title='bbox 219 3014 343 3075; x_wconf 85' lang='lat' dir='ltr'><strong>iustitiae</strong></span> <span class='ocrx_word' id='word_1_341' title='bbox 364 3017 550 3094; x_wconf 88' lang='lat' dir='ltr'><strong>persuasione</strong></span> <span class='ocrx_word' id='word_1_342' title='bbox 576 3018 717 3085; x_wconf 85' lang='lat' dir='ltr'><strong>nascitur,</strong></span> <span class='ocrx_word' id='word_1_343' title='bbox 749 3016 800 3075; x_wconf 91' lang='lat' dir='ltr'><strong>ubi</strong></span> <span class='ocrx_word' id='word_1_344' title='bbox 826 3016 915 3077; x_wconf 88' lang='lat' dir='ltr'><strong>homo</strong></span> <span class='ocrx_word' id='word_1_345' title='bbox 947 3018 1055 3077; x_wconf 87' lang='lat' dir='ltr'><strong>habere</strong></span> <span class='ocrx_word' id='word_1_346' title='bbox 1079 3036 1110 3075; x_wconf 88' lang='lat' dir='ltr'><strong>se</strong></span> <span class='ocrx_word' id='word_1_347' title='bbox 1134 3017 1242 3096; x_wconf 83' lang='lat' dir='ltr'><strong>aliquid</strong></span> 
     </span>
     <span class='ocr_line' id='line_1_38' title="bbox 117 3093 1244 3176; baseline 0.001 -23"><span class='ocrx_word' id='word_1_348' title='bbox 117 3104 212 3176; x_wconf 87' lang='lat' dir='ltr'><strong>putat,</strong></span> <span class='ocrx_word' id='word_1_349' title='bbox 231 3093 311 3150; x_wconf 89' lang='lat' dir='ltr'><strong>cuius</strong></span> <span class='ocrx_word' id='word_1_350' title='bbox 321 3093 425 3151; x_wconf 90' lang='lat' dir='ltr'><strong>merito</strong></span> <span class='ocrx_word' id='word_1_351' title='bbox 445 3093 521 3173; x_wconf 89' lang='lat' dir='ltr'><strong>apud</strong></span> <span class='ocrx_word' id='word_1_352' title='bbox 540 3094 636 3152; x_wconf 83' lang='lat' dir='ltr'><strong>Deum</strong></span> <span class='ocrx_word' id='word_1_353' title='bbox 658 3093 893 3153; x_wconf 87' lang='lat' dir='ltr'><strong>commendetur:</strong></span> <span class='ocrx_word' id='word_1_354' title='bbox 915 3098 985 3155; x_wconf 90' lang='lat' dir='ltr'><strong>haec</strong></span> <span class='ocrx_word' id='word_1_355' title='bbox 1005 3095 1090 3153; x_wconf 88' lang='lat' dir='ltr'><strong>etiam</strong></span> <span class='ocrx_word' id='word_1_356' title='bbox 1110 3096 1173 3153; x_wconf 88' lang='lat' dir='ltr'><strong>sine</strong></span> <span class='ocrx_word' id='word_1_357' title='bbox 1186 3093 1244 3154; x_wconf 88' lang='lat' dir='ltr'><strong>ulla</strong></span> 
     </span>
     <span class='ocr_line' id='line_1_39' title="bbox 118 3169 1244 3259; baseline 0 -28"><span class='ocrx_word' id='word_1_358' title='bbox 118 3190 242 3248; x_wconf 89' lang='lat' dir='ltr'><strong>operum</strong></span> <span class='ocrx_word' id='word_1_359' title='bbox 262 3169 447 3247; x_wconf 82' lang='lat' dir='ltr'><strong>persuasione</strong></span> <span class='ocrx_word' id='word_1_360' title='bbox 468 3189 529 3227; x_wconf 88' lang='lat' dir='ltr'><strong>esse</strong></span> <span class='ocrx_word' id='word_1_361' title='bbox 548 3181 655 3259; x_wconf 87' lang='lat' dir='ltr'><strong>potest.</strong></span> <span class='ocrx_word' id='word_1_362' title='bbox 708 3169 793 3231; x_wconf 84' lang='lat' dir='ltr'><strong>Multi</strong></span> <span class='ocrx_word' id='word_1_363' title='bbox 824 3171 901 3229; x_wconf 85' lang='lat' dir='ltr'><strong>enim</strong></span> <span class='ocrx_word' id='word_1_364' title='bbox 927 3185 1095 3249; x_wconf 85' lang='lat' dir='ltr'><strong>peccatores</strong></span> <span class='ocrx_word' id='word_1_365' title='bbox 1115 3171 1180 3250; x_wconf 89' lang='lat' dir='ltr'><strong>quia</strong></span> <span class='ocrx_word' id='word_1_366' title='bbox 1201 3171 1244 3231; x_wconf 87' lang='lat' dir='ltr'><strong>vi-</strong></span> 
     </span>
     <span class='ocr_line' id='line_1_40' title="bbox 118 3244 1243 3330; baseline 0.001 -24"><span class='ocrx_word' id='word_1_367' title='bbox 118 3248 229 3306; x_wconf 86' lang='lat' dir='ltr'><strong>tiorum</strong></span> <span class='ocrx_word' id='word_1_368' title='bbox 249 3244 401 3303; x_wconf 86' lang='lat' dir='ltr'><strong>dulcedine</strong></span> <span class='ocrx_word' id='word_1_369' title='bbox 423 3244 572 3320; x_wconf 82' lang='lat' dir='ltr'><strong>inebriati,</strong></span> <span class='ocrx_word' id='word_1_370' title='bbox 604 3247 661 3305; x_wconf 89' lang='lat' dir='ltr'><strong>Dei</strong></span> <span class='ocrx_word' id='word_1_371' title='bbox 681 3247 819 3308; x_wconf 90' lang='lat' dir='ltr'><strong>iudicium</strong></span> <span class='ocrx_word' id='word_1_372' title='bbox 844 3269 906 3307; x_wconf 89' lang='lat' dir='ltr'><strong>non</strong></span> <span class='ocrx_word' id='word_1_373' title='bbox 928 3248 1076 3330; x_wconf 84' lang='lat' dir='ltr'><strong>cogitant,</strong></span> <span class='ocrx_word' id='word_1_374' title='bbox 1107 3262 1243 3327; x_wconf 85' lang='lat' dir='ltr'><strong>tanquam</strong></span> 
     </span>
     <span class='ocr_line' id='line_1_41' title="bbox 119 3321 1243 3404; baseline 0.001 -22"><span class='ocrx_word' id='word_1_375' title='bbox 119 3334 242 3382; x_wconf 85' lang='lat' dir='ltr'><strong>veterno</strong></span> <span class='ocrx_word' id='word_1_376' title='bbox 262 3321 387 3399; x_wconf 82' lang='lat' dir='ltr'><strong>qrrodam</strong></span> <span class='ocrx_word' id='word_1_377' title='bbox 408 3322 603 3400; x_wconf 87' lang='lat' dir='ltr'><strong>nhstupelacti</strong></span> <span class='ocrx_word' id='word_1_378' title='bbox 623 3325 733 3399; x_wconf 85' lang='lat' dir='ltr'><strong>iacent,</strong></span> <span class='ocrx_word' id='word_1_379' title='bbox 765 3344 803 3383; x_wconf 89' lang='lat' dir='ltr'><strong>nc</strong></span> <span class='ocrx_word' id='word_1_380' title='bbox 828 3325 956 3404; x_wconf 82' lang='lat' dir='ltr'><strong>aspirent</strong></span> <span class='ocrx_word' id='word_1_381' title='bbox 982 3325 1017 3383; x_wconf 88' lang='lat' dir='ltr'><strong>ad</strong></span> <span class='ocrx_word' id='word_1_382' title='bbox 1038 3326 1166 3383; x_wconf 87' lang='lat' dir='ltr'><strong>oblatam</strong></span> <span class='ocrx_word' id='word_1_383' title='bbox 1187 3325 1243 3385; x_wconf 87' lang='lat' dir='ltr'><strong>sibi</strong></span> 
     </span>
     <span class='ocr_line' id='line_1_42' title="bbox 118 3398 1245 3482; baseline 0.001 -23"><span class='ocrx_word' id='word_1_384' title='bbox 118 3398 357 3459; x_wconf 84' lang='lat' dir='ltr'><strong>misericordiam.</strong></span> <span class='ocrx_word' id='word_1_385' title='bbox 395 3399 434 3456; x_wconf 79' lang='lat' dir='ltr'><strong>At</strong></span> <span class='ocrx_word' id='word_1_386' title='bbox 454 3419 522 3456; x_wconf 88' lang='lat' dir='ltr'><strong>vern</strong></span> <span class='ocrx_word' id='word_1_387' title='bbox 545 3419 605 3456; x_wconf 90' lang='lat' dir='ltr'><strong>non</strong></span> <span class='ocrx_word' id='word_1_388' title='bbox 625 3400 718 3461; x_wconf 88' lang='lat' dir='ltr'><strong>miuus</strong></span> <span class='ocrx_word' id='word_1_389' title='bbox 732 3402 918 3460; x_wconf 78' lang='lat' dir='ltr'><strong>excutiendus</strong></span> <span class='ocrx_word' id='word_1_390' title='bbox 938 3401 1002 3461; x_wconf 86' lang='lat' dir='ltr'><strong>talis</strong></span> <span class='ocrx_word' id='word_1_391' title='bbox 1021 3414 1137 3482; x_wconf 90' lang='lat' dir='ltr'><strong>torpor,</strong></span> <span class='ocrx_word' id='word_1_392' title='bbox 1159 3422 1245 3480; x_wconf 89' lang='lat' dir='ltr'><strong>quam</strong></span> 
     </span>
     <span class='ocr_line' id='line_1_43' title="bbox 116 3473 1246 3556; baseline 0 -20"><span class='ocrx_word' id='word_1_393' title='bbox 116 3474 280 3536; x_wconf 84' lang='lat' dir='ltr'><strong>abiicienda</strong></span> <span class='ocrx_word' id='word_1_394' title='bbox 301 3473 419 3552; x_wconf 81' lang='lat' dir='ltr'><strong>quaevis</strong></span> <span class='ocrx_word' id='word_1_395' title='bbox 440 3475 531 3532; x_wconf 86' lang='lat' dir='ltr'><strong>nostri</strong></span> <span class='ocrx_word' id='word_1_396' title='bbox 551 3474 737 3549; x_wconf 82' lang='lat' dir='ltr'><strong>confidentia,</strong></span> <span class='ocrx_word' id='word_1_397' title='bbox 758 3499 817 3556; x_wconf 82' lang='grc' dir='ltr'>(μισ</span> <span class='ocrx_word' id='word_1_398' title='bbox 838 3477 962 3556; x_wconf 80' lang='lat' dir='ltr'><strong>expediti</strong></span> <span class='ocrx_word' id='word_1_399' title='bbox 982 3478 1017 3537; x_wconf 83' lang='lat' dir='ltr'><strong>ad</strong></span> <span class='ocrx_word' id='word_1_400' title='bbox 1030 3478 1178 3539; x_wconf 84' lang='lat' dir='ltr'><strong>Christum</strong></span> <span class='ocrx_word' id='word_1_401' title='bbox 1201 3480 1246 3536; x_wconf 81' lang='lat' dir='ltr'><strong>ie·</strong></span> 
     </span>
     <span class='ocr_line' id='line_1_44' title="bbox 116 3551 1245 3633; baseline -0.001 -21"><span class='ocrx_word' id='word_1_402' title='bbox 116 3551 269 3625; x_wconf 86' lang='lat' dir='ltr'><strong>stinemus,</strong></span> <span class='ocrx_word' id='word_1_403' title='bbox 291 3571 349 3628; x_wconf 90' lang='lat' dir='ltr'><strong>quo</strong></span> <span class='ocrx_word' id='word_1_404' title='bbox 370 3552 450 3608; x_wconf 90' lang='lat' dir='ltr'><strong>vacui</strong></span> <span class='ocrx_word' id='word_1_405' title='bbox 470 3564 500 3609; x_wconf 90' lang='lat' dir='ltr'><strong>et</strong></span> <span class='ocrx_word' id='word_1_406' title='bbox 518 3551 608 3611; x_wconf 87' lang='lat' dir='ltr'><strong>ieiuni</strong></span> <span class='ocrx_word' id='word_1_407' title='bbox 629 3553 741 3632; x_wconf 90' lang='lat' dir='ltr'><strong>impleri</strong></span> <span class='ocrx_word' id='word_1_408' title='bbox 762 3554 848 3631; x_wconf 89' lang='lat' dir='ltr'><strong>ipsius</strong></span> <span class='ocrx_word' id='word_1_409' title='bbox 869 3555 953 3613; x_wconf 89' lang='lat' dir='ltr'><strong>bonis</strong></span> <span class='ocrx_word' id='word_1_410' title='bbox 974 3576 1121 3633; x_wconf 87' lang='lat' dir='ltr'><strong>queamus.</strong></span> <span class='ocrx_word' id='word_1_411' title='bbox 1160 3556 1245 3613; x_wconf 93' lang='lat' dir='ltr'><strong>Nun-</strong></span> 
     </span>
     <span class='ocr_line' id='line_1_45' title="bbox 117 3626 1246 3710; baseline 0.002 -23"><span class='ocrx_word' id='word_1_412' title='bbox 117 3649 205 3707; x_wconf 82' lang='lat' dir='ltr'><strong>quam</strong></span> <span class='ocrx_word' id='word_1_413' title='bbox 225 3627 302 3685; x_wconf 87' lang='lat' dir='ltr'><strong>enim</strong></span> <span class='ocrx_word' id='word_1_414' title='bbox 321 3626 362 3684; x_wconf 90' lang='lat' dir='ltr'><strong>illi</strong></span> <span class='ocrx_word' id='word_1_415' title='bbox 382 3628 450 3685; x_wconf 87' lang='lat' dir='ltr'><strong>satis</strong></span> <span class='ocrx_word' id='word_1_416' title='bbox 470 3627 658 3699; x_wconf 85' lang='lat' dir='ltr'><strong>confidemus,</strong></span> <span class='ocrx_word' id='word_1_417' title='bbox 679 3631 732 3688; x_wconf 86' lang='lat' dir='ltr'><strong>uisi</strong></span> <span class='ocrx_word' id='word_1_418' title='bbox 753 3632 789 3689; x_wconf 89' lang='lat' dir='ltr'><strong>de</strong></span> <span class='ocrx_word' id='word_1_419' title='bbox 810 3632 895 3691; x_wconf 88' lang='lat' dir='ltr'><strong>nobis</strong></span> <span class='ocrx_word' id='word_1_420' title='bbox 914 3632 1029 3710; x_wconf 85' lang='lat' dir='ltr'><strong>penitus</strong></span> <span class='ocrx_word' id='word_1_421' title='bbox 1050 3632 1150 3690; x_wconf 82' lang='lat' dir='ltr'><strong>diffisi:</strong></span> <span class='ocrx_word' id='word_1_422' title='bbox 1171 3650 1246 3689; x_wconf 80' lang='lat' dir='ltr'><strong>risin-</strong></span> 
     </span>
     <span class='ocr_line' id='line_1_46' title="bbox 119 3701 1245 3787; baseline 0.003 -25"><span class='ocrx_word' id='word_1_423' title='bbox 119 3724 207 3784; x_wconf 82' lang='lat' dir='ltr'><strong>qnam</strong></span> <span class='ocrx_word' id='word_1_424' title='bbox 227 3705 257 3762; x_wconf 89' lang='lat' dir='ltr'><strong>in</strong></span> <span class='ocrx_word' id='word_1_425' title='bbox 277 3701 363 3762; x_wconf 85' lang='lat' dir='ltr'><strong>nobis</strong></span> <span class='ocrx_word' id='word_1_426' title='bbox 382 3703 447 3762; x_wconf 87' lang='lat' dir='ltr'><strong>satis</strong></span> <span class='ocrx_word' id='word_1_427' title='bbox 467 3702 578 3762; x_wconf 86' lang='lat' dir='ltr'><strong>animos</strong></span> <span class='ocrx_word' id='word_1_428' title='bbox 598 3706 752 3786; x_wconf 80' lang='lat' dir='ltr'><strong>erigemus,</strong></span> <span class='ocrx_word' id='word_1_429' title='bbox 772 3709 826 3767; x_wconf 88' lang='lat' dir='ltr'><strong>nisi</strong></span> <span class='ocrx_word' id='word_1_430' title='bbox 846 3709 926 3787; x_wconf 89' lang='lat' dir='ltr'><strong>prius</strong></span> <span class='ocrx_word' id='word_1_431' title='bbox 946 3708 974 3766; x_wconf 89' lang='lat' dir='ltr'><strong>in</strong></span> <span class='ocrx_word' id='word_1_432' title='bbox 996 3706 1082 3767; x_wconf 89' lang='lat' dir='ltr'><strong>uobis</strong></span> <span class='ocrx_word' id='word_1_433' title='bbox 1102 3708 1245 3767; x_wconf 84' lang='lat' dir='ltr'><strong>deiectos:</strong></span> 
     </span>
     <span class='ocr_line' id='line_1_47' title="bbox 117 3778 1246 3858; baseline 0.002 -19"><span class='ocrx_word' id='word_1_434' title='bbox 117 3800 268 3857; x_wconf 89' lang='lat' dir='ltr'><strong>nunquam</strong></span> <span class='ocrx_word' id='word_1_435' title='bbox 288 3780 316 3837; x_wconf 92' lang='lat' dir='ltr'><strong>in</strong></span> <span class='ocrx_word' id='word_1_436' title='bbox 339 3779 400 3858; x_wconf 86' lang='lat' dir='ltr'><strong>ipso</strong></span> <span class='ocrx_word' id='word_1_437' title='bbox 421 3779 487 3839; x_wconf 88' lang='lat' dir='ltr'><strong>satis</strong></span> <span class='ocrx_word' id='word_1_438' title='bbox 507 3778 684 3855; x_wconf 89' lang='lat' dir='ltr'><strong>solabimur,</strong></span> <span class='ocrx_word' id='word_1_439' title='bbox 712 3785 765 3843; x_wconf 90' lang='lat' dir='ltr'><strong>nisi</strong></span> <span class='ocrx_word' id='word_1_440' title='bbox 786 3787 814 3841; x_wconf 92' lang='lat' dir='ltr'><strong>in</strong></span> <span class='ocrx_word' id='word_1_441' title='bbox 836 3784 921 3843; x_wconf 91' lang='lat' dir='ltr'><strong>nohis</strong></span> <span class='ocrx_word' id='word_1_442' title='bbox 942 3784 1074 3844; x_wconf 87' lang='lat' dir='ltr'><strong>desolati.</strong></span> <span class='ocrx_word' id='word_1_443' title='bbox 1126 3784 1246 3841; x_wconf 83' lang='lat' dir='ltr'><strong>Gratiae</strong></span> 
     </span>
     <span class='ocr_line' id='line_1_48' title="bbox 118 3855 1246 3946; baseline 0.005 -31"><span class='ocrx_word' id='word_1_444' title='bbox 118 3876 193 3937; x_wconf 88' lang='lat' dir='ltr'><strong>ergo</strong></span> <span class='ocrx_word' id='word_1_445' title='bbox 205 3855 270 3946; x_wconf 39' lang='lat' dir='ltr'><strong>&#39;Dei</strong></span> <span class='ocrx_word' id='word_1_446' title='bbox 292 3855 554 3945; x_wconf 80' lang='lat' dir='ltr'><strong>apprehendendae</strong></span> <span class='ocrx_word' id='word_1_447' title='bbox 574 3877 607 3915; x_wconf 87' lang='lat' dir='ltr'><strong>ac</strong></span> <span class='ocrx_word' id='word_1_448' title='bbox 628 3857 824 3935; x_wconf 87' lang='lat' dir='ltr'><strong>obtinendae,</strong></span> <span class='ocrx_word' id='word_1_449' title='bbox 857 3860 969 3920; x_wconf 87' lang='lat' dir='ltr'><strong>abiecta</strong></span> <span class='ocrx_word' id='word_1_450' title='bbox 990 3861 1107 3939; x_wconf 87' lang='lat' dir='ltr'><strong>quidem</strong></span> <span class='ocrx_word' id='word_1_451' title='bbox 1127 3882 1246 3940; x_wconf 80' lang='lat' dir='ltr'><strong>prorsus</strong></span> 
     </span>
     <span class='ocr_line' id='line_1_49' title="bbox 117 3930 1247 4010; baseline 0.005 -19"><span class='ocrx_word' id='word_1_452' title='bbox 117 3945 212 3991; x_wconf 83' lang='lat' dir='ltr'><strong>nostri</strong></span> <span class='ocrx_word' id='word_1_453' title='bbox 232 3932 345 4002; x_wconf 84' lang='lat' dir='ltr'><strong>fiducia,</strong></span> <span class='ocrx_word' id='word_1_454' title='bbox 366 3931 432 3990; x_wconf 77' lang='lat' dir='ltr'><strong>irc-ts</strong></span> <span class='ocrx_word' id='word_1_455' title='bbox 451 3951 521 3991; x_wconf 82' lang='lat' dir='ltr'><strong>vero</strong></span> <span class='ocrx_word' id='word_1_456' title='bbox 540 3930 603 3991; x_wconf 87' lang='lat' dir='ltr'><strong>sola</strong></span> <span class='ocrx_word' id='word_1_457' title='bbox 624 3934 763 3996; x_wconf 86' lang='lat' dir='ltr'><strong>bonitatis</strong></span> <span class='ocrx_word' id='word_1_458' title='bbox 784 3938 845 3995; x_wconf 88' lang='lat' dir='ltr'><strong>cius</strong></span> <span class='ocrx_word' id='word_1_459' title='bbox 865 3938 1055 4010; x_wconf 86' lang='lat' dir='ltr'><strong>certitudine,</strong></span> <span class='ocrx_word' id='word_1_460' title='bbox 1079 3938 1179 3997; x_wconf 88' lang='lat' dir='ltr'><strong>idonei</strong></span> <span class='ocrx_word' id='word_1_461' title='bbox 1199 3958 1247 3997; x_wconf 88' lang='lat' dir='ltr'><strong>su·</strong></span> 
     </span>
     <span class='ocr_line' id='line_1_50' title="bbox 117 4007 1247 4096; baseline 0.007 -30"><span class='ocrx_word' id='word_1_462' title='bbox 117 4007 312 4096; x_wconf 45' lang='lat' dir='ltr'><strong>mus‚·‚,dum,</strong></span> <span class='ocrx_word' id='word_1_463' title='bbox 324 4019 364 4096; x_wconf 34' lang='lat' dir='ltr'><strong>&#39;ut</strong></span> <span class='ocrx_word' id='word_1_464' title='bbox 382 4009 423 4066; x_wconf 91' lang='lat' dir='ltr'><strong>ait</strong></span> <span class='ocrx_word' id='word_1_465' title='bbox 441 4008 665 4090; x_wconf 77' lang='lat' dir='ltr'><strong>Augustinus</strong></span> <span class='ocrx_word' id='word_1_466' title='bbox 687 4012 739 4092; x_wconf 90' lang='lat' dir='ltr'><strong>[de</strong></span> <span class='ocrx_word' id='word_1_467' title='bbox 749 4014 829 4075; x_wconf 86' lang='lat' dir='ltr'><strong>verb.</strong></span> <span class='ocrx_word' id='word_1_468' title='bbox 840 4016 1006 4095; x_wconf 79' lang='lat' dir='ltr'><strong>Apust.8.],</strong></span> <span class='ocrx_word' id='word_1_469' title='bbox 1027 4027 1126 4074; x_wconf 89' lang='lat' dir='ltr'><strong>nostra</strong></span> <span class='ocrx_word' id='word_1_470' title='bbox 1147 4016 1247 4075; x_wconf 89' lang='lat' dir='ltr'><strong>merita</strong></span> 
     </span>
     <span class='ocr_line' id='line_1_51' title="bbox 118 4084 1248 4171; baseline 0.005 -28"><span class='ocrx_word' id='word_1_471' title='bbox 118 4084 240 4160; x_wconf 83' lang='lat' dir='ltr'><strong>„obliti,</strong></span> <span class='ocrx_word' id='word_1_472' title='bbox 260 4084 366 4143; x_wconf 77' lang='lat' dir='ltr'><strong>Christi</strong></span> <span class='ocrx_word' id='word_1_473' title='bbox 388 4086 464 4144; x_wconf 91' lang='lat' dir='ltr'><strong>dona</strong></span> <span class='ocrx_word' id='word_1_474' title='bbox 484 4086 700 4165; x_wconf 86' lang='lat' dir='ltr'><strong>amplectimur:</strong></span> <span class='ocrx_word' id='word_1_475' title='bbox 722 4093 789 4167; x_wconf 81' lang='lat' dir='ltr'><strong>quia</strong></span> <span class='ocrx_word' id='word_1_476' title='bbox 809 4093 832 4149; x_wconf 91' lang='lat' dir='ltr'><strong>si</strong></span> <span class='ocrx_word' id='word_1_477' title='bbox 853 4091 881 4150; x_wconf 87' lang='lat' dir='ltr'><strong>in</strong></span> <span class='ocrx_word' id='word_1_478' title='bbox 903 4091 989 4152; x_wconf 89' lang='lat' dir='ltr'><strong>nobis</strong></span> <span class='ocrx_word' id='word_1_479' title='bbox 1008 4093 1112 4150; x_wconf 86' lang='lat' dir='ltr'><strong>merita</strong></span> <span class='ocrx_word' id='word_1_480' title='bbox 1123 4111 1248 4171; x_wconf 82' lang='lat' dir='ltr'><strong>quaere-</strong></span> 
     </span>
     <span class='ocr_line' id='line_1_52' title="bbox 118 4164 1248 4249; baseline 0.007 -30"><span class='ocrx_word' id='word_1_481' title='bbox 118 4172 197 4234; x_wconf 77' lang='lat' dir='ltr'><strong>„ret,</strong></span> <span class='ocrx_word' id='word_1_482' title='bbox 215 4180 277 4221; x_wconf 87' lang='lat' dir='ltr'><strong>nou</strong></span> <span class='ocrx_word' id='word_1_483' title='bbox 297 4164 461 4220; x_wconf 83' lang='lat' dir='ltr'><strong>veniremus</strong></span> <span class='ocrx_word' id='word_1_484' title='bbox 481 4164 516 4222; x_wconf 89' lang='lat' dir='ltr'><strong>ad</strong></span> <span class='ocrx_word' id='word_1_485' title='bbox 537 4164 597 4221; x_wconf 86' lang='lat' dir='ltr'><strong>eius</strong></span> <span class='ocrx_word' id='word_1_486' title='bbox 624 4165 734 4224; x_wconf 85' lang='lat' dir='ltr'><strong>dona.“</strong></span> <span class='ocrx_word' id='word_1_487' title='bbox 794 4168 850 4228; x_wconf 84' lang='lat' dir='ltr'><strong>Cui</strong></span> <span class='ocrx_word' id='word_1_488' title='bbox 882 4168 982 4249; x_wconf 85' lang='lat' dir='ltr'><strong>pulcre</strong></span> <span class='ocrx_word' id='word_1_489' title='bbox 1011 4168 1134 4228; x_wconf 88' lang='lat' dir='ltr'><strong>succinit</strong></span> <span class='ocrx_word' id='word_1_490' title='bbox 1164 4170 1248 4228; x_wconf 87' lang='lat' dir='ltr'><strong>Ber-</strong></span> 
     </span>
     <span class='ocr_line' id='line_1_53' title="bbox 118 4235 1295 4339; baseline 0.009 -44"><span class='ocrx_word' id='word_1_491' title='bbox 118 4235 374 4327; x_wconf 45' lang='lat' dir='ltr'><strong>carausium.</strong></span> <span class='ocrx_word' id='word_1_492' title='bbox 394 4245 441 4301; x_wconf 76' lang='lat'><strong>13.</strong></span> <span class='ocrx_word' id='word_1_493' title='bbox 462 4239 490 4296; x_wconf 90' lang='lat' dir='ltr'><strong>in</strong></span> <span class='ocrx_word' id='word_1_494' title='bbox 512 4240 632 4320; x_wconf 85' lang='lat' dir='ltr'><strong>Cant.],</strong></span> <span class='ocrx_word' id='word_1_495' title='bbox 663 4244 751 4303; x_wconf 81' lang='lat' dir='ltr'><strong>serris</strong></span> <span class='ocrx_word' id='word_1_496' title='bbox 775 4245 871 4303; x_wconf 86' lang='lat' dir='ltr'><strong>infidis</strong></span> <span class='ocrx_word' id='word_1_497' title='bbox 897 4266 1069 4325; x_wconf 88' lang='lat' dir='ltr'><strong>comparans</strong></span> <span class='ocrx_word' id='word_1_498' title='bbox 1094 4246 1295 4339; x_wconf 20' lang='lat' dir='ltr'><strong>superbos-¹</strong></span> 
     </span>
     <span class='ocr_line' id='line_1_54' title="bbox 120 4314 1251 4405; baseline 0.011 -34"><span class='ocrx_word' id='word_1_499' title='bbox 120 4334 173 4393; x_wconf 83' lang='lat' dir='ltr'><strong>qiu</strong></span> <span class='ocrx_word' id='word_1_500' title='bbox 191 4327 301 4374; x_wconf 84' lang='lat' dir='ltr'><strong>mersus</strong></span> <span class='ocrx_word' id='word_1_501' title='bbox 319 4337 377 4376; x_wconf 87' lang='lat' dir='ltr'><strong>suu</strong></span> <span class='ocrx_word' id='word_1_502' title='bbox 397 4314 441 4375; x_wconf 86' lang='lat' dir='ltr'><strong>sel</strong></span> <span class='ocrx_word' id='word_1_503' title='bbox 462 4317 612 4377; x_wconf 90' lang='lat' dir='ltr'><strong>minimum</strong></span> <span class='ocrx_word' id='word_1_504' title='bbox 639 4332 793 4401; x_wconf 84' lang='lat' dir='ltr'><strong>arrogant:</strong></span> <span class='ocrx_word' id='word_1_505' title='bbox 825 4322 895 4401; x_wconf 83' lang='lat' dir='ltr'><strong>qnia</strong></span> <span class='ocrx_word' id='word_1_506' title='bbox 920 4322 1035 4385; x_wconf 84' lang='lat' dir='ltr'><strong>laudem</strong></span> <span class='ocrx_word' id='word_1_507' title='bbox 1061 4334 1172 4405; x_wconf 80' lang='lat' dir='ltr'><strong>gratiae</strong></span> <span class='ocrx_word' id='word_1_508' title='bbox 1196 4342 1251 4405; x_wconf 86' lang='lat' dir='ltr'><strong>per</strong></span> 
     </span>
    </p>
   </div>
   <div class='ocr_carea' id='block_1_5' title="bbox 0 0 1374 4732">
    <p class='ocr_par' dir='ltr' id='par_1_7' title="bbox 0 0 1374 4732">
     <span class='ocr_line' id='line_1_55' title="bbox 0 0 1374 4732; baseline 0 0"><span class='ocrx_word' id='word_1_509' title='bbox 0 0 1374 4732; x_wconf 95' lang='lat' dir='ltr'><strong> </strong></span> 
     </span>
    </p>
   </div>
  </div>
 </body>
</html>
