2700 4732
495 218 860 284 mmmm
1085 198 1307 306 ,Μ’

112 366 292 431 Donatistas.
331 364 552 448 Qualiscunque
572 364 610 428 sit
629 363 680 447 qui
697 362 843 446 baptizat,
868 386 959 426 unum
978 360 1077 427 tamen
1098 366 1250 430 Christum

135 463 258 508 raeesse.
987 456 991 467 ’

112 466 133 528 P
188 528 217 588 9.
256 521 338 582 Haec
358 531 513 602 quactum
533 516 833 594 demortificatione,
860 529 924 578 tum
943 517 981 580 de
1005 518 1158 582 ablutione
1177 520 1250 582 dixi·

111 620 188 673 mus,
205 598 237 659 io
256 595 369 679 populo
388 595 479 659 Israel
497 596 668 657 adumbrata
684 606 767 656 sunt:
807 615 873 655 uem
895 616 957 671 eam
978 595 1017 657 ob
1039 596 1152 675 causa'm
1164 596 1248 679 lipo-

111 674 205 738 stolus
225 674 296 736 dicit
319 675 350 734 in
374 674 456 735 nube
475 683 506 733 et
529 673 560 732 in
585 674 657 733 mari
682 672 771 732 fuisse
786 614 975 754 baptizatum
996 671 1035 752 (I.
1049 672 1247 755 cor.1o,2.).

111 751 304 813 Mortificatio
323 750 446 834 figurata
466 761 519 824 est,
539 771 627 830 quuui
638 748 786 810 Dominus
805 768 822 808 e
842 769 930 810 manu
948 748 1109 831 Pharaonis
1129 762 1160 811 et
1180 772 1248 812 cru-

112 827 172 888 deli
192 831 331 889 servitute
350 848 401 888 eos
420 845 566 902 asserens,
589 825 664 885 viam
684 824 741 887 illis
760 824 862 886 amavit
881 846 936 907 per
954 846 1034 887 mare
1054 826 1192 905 rubrum,
1217 837 1248 888 et

111 905 297 966 Pharaonem
316 904 422 995 ipsum²
443 898 778 984 ethegyptios'hostes,
798 896 849 983 qui
869 923 885 962 a
905 914 993 984 tergo
1003 894 1068 964 'illis
1087 903 1248 978 instabant,

113 992 144 1040 et
163 980 323 1042 cervicibus
342 978 544 1055 imminebant,
563 978 727 1041 submersit.
776 978 851 1039 Nam
872 990 903 1038 et
921 979 957 1040 ad
978 979 1056 1041 bunc
1074 979 1195 1040 modum
1214 979 1246 1040 in

111 1057 262 1138 Baptiimo
283 1057 441 1138 pollicetur
458 1056 556 1132 nobis,
577 1069 607 1116 et
627 1055 696 1116 dato
716 1055 802 1138 signo
823 1055 967 1130 ostendit,
988 1076 1042 1117 nos
1062 1076 1096 1117 eir
1116 1056 1248 1151 Aegypti

111 1134 297 1216 captivitate,
317 1134 375 1195 hoe
395 1144 449 1208 est,
469 1151 486 1192 e
506 1133 619 1213 peccati
639 1132 796 1207 servitute,
814 1153 865 1194 sua
883 1131 992 1194 virtute
1012 1133 1116 1196 ductos
1136 1145 1167 1195 et
1185 1155 1250 1196 vin·

112 1209 239 1271 dicatos:
268 1209 451 1272 submersum
470 1209 654 1270 Pharaonem
674 1219 825 1284 nostrum,
850 1208 881 1269 id
902 1221 946 1270 est
955 1208 1132 1286 diabolum,
1153 1231 1248 1290 quan-

110 1300 198 1364 quam
219 1306 275 1348 nee
299 1287 341 1347 sic
362 1287 448 1347 etiam
469 1305 605 1346 exercere
630 1305 685 1346 uos
705 1296 737 1346 et
761 1284 813 1346 fat·
836 1304 885 1346 are
911 1285 1031 1347 desinas.
1080 1287 1193 1347 Verum
1213 1296 1248 1349 ut

109 1365 278 1445 Aegyptius
297 1362 348 1423 ille
366 1383 429 1424 uon
448 1362 480 1421 in
496 1361 679 1454 profundum
699 1363 788 1423 maris
818 1362 927 1423 eie'ctus
947 1362 1124 1498 fueratllaed
1144 1363 1175 1424 in
1194 1364 1246 1424 lit·
1280 1372 1284 1378 ‘

109 1452 178 1502 tore
198 1451 377 1520 prostratus,
399 1439 526 1500 terribili
545 1450 664 1518 aspectu
684 1438 778 1499 adliuc
796 1430 944 1513 israelitas
964 1449 1042 1498 terre
1065 1450 1110 1517 at,
1134 1457 1247 1502 nocere

109 1528 209 1580 tamen
230 1537 292 1577 nou
312 1527 445 1596 poterat:
475 1516 517 1575 ita
543 1515 590 1575 hic
614 1525 717 1575 noster
740 1514 835 1589 adhuc
856 1514 973 1596 quidem
993 1514 1134 1591 minatur,
1166 1537 1247 1579 arma

69 1580 91 1605 '
110 1592 257 1668 ostendit,
287 1592 428 1667 sentitur,
459 1592 510 1652 sed
530 1592 647 1652 vincere
667 1601 855 1669 noupotest.
905 1590 941 1650 In
961 1589 1041 1650 nube
1061 1592 1248 1676 purgationis

109 1668 276 1751 symbolum
295 1666 352 1728 fuit
370 1668 592 1746 (Num.9,18.).
629 1667 705 1727 Nam
724 1681 757 1728 ut
776 1680 837 1728 tum
857 1665 922 1727 iilos
942 1665 1089 1728 Dominus
1108 1671 1247 1750 opposita

109 1746 191 1805 nube
211 1744 346 1824 operuit,
366 1755 399 1803 et
415 1745 485 1804 relri
509 1748 601 1806 eriurn
621 1744 781 1824 praestitit,
805 1763 844 1803 nc
863 1741 1089 1804 inclementiore
1108 1746 1178 1807 solis
1197 1767 1247 1807 ur-

111 1823 186 1883 dore
206 1821 382 1896 deficerent,
406 1833 437 1881 et
461 1765 661 1882 tabescerent:
686 1821 728 1880 ita
748 1821 778 1881 in
799 1819 949 1901 Baptismo
970 1839 1025 1881 nos
1046 1818 1158 1883 Christi
1177 1844 1247 1885 san·

109 1898 202 1980 guine
221 1909 342 1979 opertos
362 1916 424 1957 esse
445 1907 475 1957 et
493 1908 645 1977 protectos
658 1897 854 1990 agnoscimus,
872 1914 911 1956 ue
925 1896 983 1957 Dei
1001 1898 1149 1974 severitas,
1169 1919 1247 1983 quae

109 1993 180 2036 vere
200 1985 244 2034 est
261 1973 377 2034 flamina
396 1972 599 2050 intolerabilis,
618 1972 706 2035 nobis
724 1972 885 2034 incumbat.
922 1972 987 2034 Etsi
1005 1993 1077 2035 vero
1096 1986 1170 2038 tunc
1189 1974 1247 2038 ob-

108 2070 227 2112 scurum
247 2061 278 2110 et
301 2051 401 2130 paucis
427 2052 578 2134 cognitum
603 2050 660 2109 init
683 2050 869 2133 mysterium:
896 2048 964 2130 quia
988 2056 1088 2110 tamen
1107 2051 1246 2115 nonalia

111 2137 156 2188 est
174 2125 272 2188 salutis
293 2126 496 2205 adipiscendae
515 2127 592 2187 r'atio
613 2145 701 2207 quam
725 2126 756 2186 in
781 2124 838 2186 illis
863 2124 976 2187 duabus
1000 2128 1118 2209 gratiis,
1149 2127 1248 2193 noluit

109 2204 192 2296 Deos
211 2203 364 2283 utriusque
382 2213 492 2266 tessera
510 2214 641 2266 vetustos
661 2214 772 2291 patres,
791 2223 866 2283 quos
885 2201 1026 2265 haeredes
1044 2203 1248 2287 adoptaverat,
1271 2260 1275 2267 .

131 2299 234 2341 rivare.

108 2302 129 2363 P
185 2363 233 2422 10.
272 2354 334 2416 Iam
352 2356 538 2436 perspicuum
550 2366 605 2431 est,
621 2376 707 2435 quam
727 2352 830 2416 ialsnm
851 2355 888 2418 sit
906 2354 987 2436 quod
1000 2355 1167 2421 docuerunt
1185 2360 1248 2441 pri-

109 2433 177 2494 dem
197 2433 348 2506 nonnulli,
378 2433 408 2492 iii
429 2452 488 2514 quo
509 2431 558 2492 alii
576 2430 751 2514 persistunt,
775 2446 830 2512 per
848 2433 1029 2514 Baptismum
1048 2433 1122 2498 solvi
1141 2458 1196 2500 uos
1216 2450 1248 2499 et

109 2510 195 2571 eximi
220 2510 257 2570 ab
290 2510 426 2592 originali
458 2522 597 2591 peccato,
629 2520 659 2568 et
684 2529 701 2571 a
726 2509 920 2599 corruptione
940 2526 1016 2591 quae
1040 2511 1078 2572 ab
1097 2510 1193 2574 Adam
1213 2515 1246 2575 iu

107 2587 272 2648 universam
297 2585 499 2666 posteritatem
525 2596 686 2679 propagata
713 2594 771 2667 est:
799 2590 888 2680 atq'ue
908 2588 940 2647 in
961 2587 1084 2648 eaodem
1103 2589 1246 2652 iustitiam

107 2676 288 2744 naturaeque
298 2663 455 2743 puritatem
476 2662 601 2738 restitui,
621 2670 707 2755 purim
728 2660 905 2724 obtinuisset
917 2662 1010 2723 Adam
1029 2664 1055 2724 si
1073 2665 1104 2724 in
1126 2686 1170 2741 ea,
1191 2688 1248 2749 qua

108 2742 236 2819 primum
255 2752 367 2800 creatus
388 2741 499 2815 iuerat,
523 2739 692 2821 integritate
711 2739 860 2813 stetisset„
894 2737 968 2799 Tale
989 2741 1067 2799 enim
1088 2741 1247 2806 doctorum

110 2836 203 2897 gcuus
223 2836 384 2894 nunquam,
405 2817 474 2896 quid
495 2827 645 2895 peccatum
667 2813 825 2895 originale,
856 2814 926 2895 quid
956 2816 1064 2877 iustitia
1084 2819 1247 2900 originalis,

110 2911 186 2972 quae
206 2891 298 2973 gratia
316 2892 458 2971 Baptismi
479 2903 565 2967 esset,
584 2901 770 2971 assequutum
791 2903 844 2951 est.
883 2889 945 2950 Iam
964 2912 1036 2965 vero
1056 2907 1125 2954 ante
1146 2895 1246 2976 dispu—

108 2979 203 3029 tatum
230 2978 279 3042 ¹est
297 2966 363 3046 (lib.
380 2973 407 3030 2.
426 2987 489 3048 cap.
501 2974 528 3031 1.
551 2988 572 3027 s.
588 2968 643 3044 8.),
671 2979 825 3047 peccatum
852 2967 999 3061 originale
1029 2988 1093 3030 esse
1123 2983 1249 3036 naturae

108 3056 227 3104 nostrae
247 3045 417 3124 pravitatem
437 3065 470 3104 ac
490 3045 727 3137 corruptionem,
759 3062 835 3124 quae
859 3048 1077 3124 primum'reos
1102 3047 1173 3109 iacit
1191 3054 1248 3113 nos

106 3121 167 3180 irae
187 3120 255 3195 Dei,
276 3132 337 3180 tuin
359 3121 445 3180 ctiam
467 3139 558 3201 opera
577 3142 609 3181 in
628 3120 715 3181 uobis
741 3119 867 3201 proiert,
887 3142 963 3203 quae
983 3120 1136 3203 Scriptura
1156 3138 1249 3187 vocat

106 3219 198 3274 opera
215 3200 315 3258 comis
333 3194 416 3277 (Gal.
436 3202 470 3272 5,
489 3197 561 3275 te).
580 3231 618 3244 -
657 3197 739 3256 Haec
767 3200 866 3278 itaque
899 3196 957 3259 duo
984 3194 1120 3262 distincte
1145 3200 1249 3264 obser·

107 3275 215 3335 vanda:
246 3293 353 3355 nempe
382 3274 461 3355 quod
486 3274 529 3335 sic
550 3273 686 3351 omnibus
712 3285 834 3349 naturae
854 3287 972 3336 nostrae
990 3274 1128 3356 'partibus
1153 3278 1248 3342 vitiati

108 3351 313 3431 perversique,
332 3351 388 3410 iam
409 3349 449 3410 ob
470 3351 559 3410 talem
579 3350 716 3411 duntaxat
737 3350 959 3432 corruptionem
980 3353 1107 3433 damnati
1124 3357 1247 3434 merito,

109 3427 296 3518 convictique
308 3447 406 3489 coram
419 3427 486 3488 Deo
506 3439 653 3500 tenemur,
672 3425 720 3487 cui
739 3427 813 3487 nibil
828 3438 871 3488 est
883 3440 1034 3509 acceptum
1053 3430 1109 3493 nisi
1127 3432 1247 3511 iustitia,

108 3505 290 3578 innocentia,
309 3505 428 3584 puritas.
467 3504 565 3583 Atque
584 3504 659 3579 adeo
678 3501 807 3564 insontes
820 3525 946 3597 ‚quoque
970 3506 1025 3587 ipsi
1044 3529 1125 3568 suam
1145 3529 1247 3571 secum

109 3579 327 3639 damnationem
348 3600 365 3638 a
384 3581 483 3640 matris
503 3592 589 3641 utero
614 3592 762 3640 asserunt:
788 3600 838 3659 qui
862 3582 975 3643 tametsi
993 3602 1061 3645 suae
1080 3584 1246 3666 iniquitatis

109 3657 221 3714 fructus
241 3657 373 3717 nondum
393 3657 586 3737 protulerint,
611 3656 721 3717 habeut
744 3667 842 3717 tameo
869 3658 899 3717 iu
918 3677 950 3718 se
970 3659 1115 3721 inclusum
1133 3681 1245 3722 semen.

108 3732 174 3791 Imo
194 3732 258 3790 tot'a
278 3751 380 3792 eorum
401 3744 519 3804 natura,
549 3733 695 3813 quoddam
727 3742 771 3794 est
795 3735 909 3813 peccati
939 3755 1054 3795 semen:
1082 3736 1151 3799 ideo
1181 3758 1245 3798 uon

109 3808 211 3869 odiosa
232 3819 262 3867 et
281 3807 486 3869 abominabilis
506 3810 573 3871 Deo
593 3829 656 3871 esse
683 3829 745 3870 non
771 3821 878 3890 potest.
920 3806 1006 3872 Haiic
1026 3812 1247 3877 damnationem

108 3883 253 3946 sublatam
275 3896 338 3944 eta
358 3905 389 3945 se
409 3885 445 3944 de
469 3885 558 3946 uisam
580 3905 652 3962 esse,
672 3887 745 3946 certi
765 3906 820 3967 per
837 3885 1019 3968 Baptismum
1039 3888 1139 3951 fideles
1159 3891 1246 3968 liunt,

108 3961 228 4041 quando
249 3961 299 4039 (ut
318 3961 427 4022 dictum
447 3906 517 4039 inii)
536 3960 682 4024 Dominus
708 3963 765 4024 boc
785 3963 871 4049 siguo
898 3964 986 4027 uobis
1005 3965 1162 4045 pollicetur
1181 3967 1246 4047 ple·

108 4059 177 4098 nam
196 4037 377 4118 solidamque
391 4038 592 4100 remissionem
613 4039 718 4100 iactam
730 4059 803 4115 esse,
822 4041 965 4123 etculpae
977 4061 1053 4122 quae
1071 4043 1243 4123 imputanda

109 4114 194 4175 nobis
216 4125 295 4190 erat,
325 4126 356 4174 et
379 4134 494 4195 poenae
514 4136 589 4197 quae
614 4115 654 4176 oh
675 4115 788 4197 culpam
814 4115 935 4178 luenda:
966 4118 1102 4179 iustitiam
1123 4140 1244 4201 quoque

108 4189 345 4271 apprehendunt,
365 4191 415 4252 sed
431 4191 546 4273 qualem
565 4190 597 4253 in
616 4191 673 4255 hac
687 4192 745 4255 vita
767 4192 904 4255 obtinere
920 4194 1045 4286 populus
1057 4194 1116 4256 Dei
1136 4207 1246 4277 potest,

107 4284 215 4348 nempe
233 4267 429 4349 imputatione
448 4267 603 4331 duntaxat:
634 4268 703 4352 quia
728 4288 785 4353 pro
814 4270 895 4333 iustis
915 4283 946 4331 et
963 4271 1171 4336 innocentibus
1191 4292 1244 4335 eos

107 4362 159 4402 sua
178 4343 376 4408 misericordia
394 4344 540 4409 Dominus
559 4344 657 4409 babet.
920 4422 941 4466 ὑ
