2596 4726
416 196 885 296 mmfflm.
1115 228 1280 299 m‘

62 396 105 436 aar
121 374 175 434 liei
194 393 303 436 nomen
325 372 485 455 profanant
503 396 537 436 ae
555 372 684 449 violant,
714 376 744 435 in
770 373 909 436 mandato
934 375 1022 436 tertio
1041 376 1112 438 satis
1130 386 1177 437 eat

61 451 203 513 uitiatum.
241 450 375 513 Proinde
393 448 525 533 legitima
546 452 696 532 praecepti
715 451 882 513 observatio
903 462 956 524 est,
975 465 1009 513 ut
1028 451 1126 533 lingua
1142 452 1174 513 iu

59 527 195 589 sumenda
213 528 349 601 veritate,
368 528 568 609 proximorum
588 540 650 587 tum
671 528 768 588 bonae
789 529 895 600 lamae,
913 539 976 587 tum
1000 528 1174 589 utilitatibus

56 605 155 664 seruiat.
173 605 314 683 Aequitas
326 604 390 684 pius
404 626 491 682 quam
504 604 656 664 manifesta
670 616 723 664 est.
741 606 821 665 'Nam
833 606 856 664 si
868 604 1049 684 quibuslibet
1057 605 1175 665 thesau-

57 683 91 741 ris
106 681 254 771 pretiosius
275 692 319 740 est
338 700 447 740 nomen
468 683 594 754 bonum,
625 681 716 740 nihilo
737 685 851 742 minore
871 702 962 751 noxa,
981 682 1108 743 nominis
1127 684 1174 741 in-

56 768 176 891 pqgrstate
196 778 282 836 quam
302 757 429 817 iomanis
447 756 590 835 spoliatur
608 756 707 817 bomo.
758 757 792 816 in
813 758 974 849 dipipienda
994 770 1093 817 autem
1112 758 1174 818 eius

103 832 219 907 stantia,
248 854 310 892 non
330 834 425 893 minus
444 833 592 893 interdum
612 832 685 894 salso
704 833 889 909 testimonio,
921 856 1007 915 quam
1033 855 1174 894 manuum
1270 894 1275 903 ,

10 948 14 959 .
56 910 198 990 rapacitate
216 909 380 997 proficitur.

121 990 164 1051 48.
201 986 242 1045 ist
260 998 359 1046 umen
379 983 486 1044 mirum
506 997 567 1059 est,
598 1007 684 1065 quam
708 985 811 1067 supina
837 986 994 1046 securitate
1018 987 1121 1067 passim
1142 985 1173 1047 in

56 1060 102 1121 bae
117 1082 148 1120 re
166 1073 320 1142 peccatur,
338 1073 373 1121 ut
391 1061 525 1121 rarissimi
545 1063 742 1141 reperiantur,
783 1064 812 1122 ui
829 1084 893 1122 non
914 1064 972 1123 boc
990 1063 1097 1123 morbo
1117 1084 1174 1123 no·

56 1136 169 1199 labiliter
187 1137 340 1198 laborent:
364 1138 439 1197 adeo
458 1151 601 1198 venenata
621 1140 744 1217 quadarn
761 1084 920 1200 dulcedine
940 1140 1123 1200 oblectamur
1141 1141 1174 1201 in

60 1212 147 1275 alienis
163 1213 246 1275 maiis
266 1227 328 1273 tum
347 1215 539 1293 inquirendis,
560 1227 620 1273 turn
641 1214 820 1297 detegendis.
869 1216 932 1276 Nec
951 1229 1086 1297 putemus
1106 1217 1173 1276 ido-

57 1310 129 1349 neam
146 1291 446 1365 esseeacusationem,
465 1292 489 1350 si
507 1311 717 1371 saepenumero
736 1314 797 1352 non
817 1293 983 1352 mentimur.
1026 1295 1101 1353 Nam
1123 1293 1174 1373 qui

58 1365 181 1447 probibet
198 1367 353 1429 mendacio
375 1366 471 1426 iratris
495 1387 603 1426 nomen
627 1368 792 1448 deturpari,
818 1369 881 1428 vuit
911 1370 998 1428 etiam
1030 1369 1173 1429 illibaium

58 1445 220 1515 maresuari,
240 1456 380 1523 quantum
400 1463 454 1523 per
472 1444 625 1504 veritatem
645 1444 721 1504 iicet.
781 1438 932 1525 Siquidem
951 1457 1101 1537 utcunque
1121 1445 1173 1505 ille

58 1518 177 1580 adseram
195 1519 380 1580 mendacium
400 1531 513 1579 tautum
533 1532 646 1592 careat,
667 1543 703 1582 co
723 1521 787 1602 ipso
807 1534 904 1581 tamen
916 1522 1021 1595 innuit,
1041 1523 1097 1582 sibi
1111 1540 1174 1583 esse
1242 1570 1245 1577 .

60 1596 288 1655 commendatum.
327 1596 418 1676 Atqui
437 1596 467 1655 id
488 1597 574 1656 nobis
592 1597 839 1657 sulficeredebct
858 1599 894 1657 ad
914 1597 1019 1657 samam
1040 1599 1173 1677 proximo

61 1671 149 1731 sairam
167 1672 400 1747 custodiendam,
419 1674 486 1732 Deo
508 1694 570 1731 eam
590 1695 677 1733 curae
698 1695 768 1734 esse.
808 1674 909 1749 Quare
928 1676 1082 1737 damnatur
1101 1696 1173 1753 pro·

62 1746 192 1809 euldubio
214 1748 244 1807 in
264 1750 429 1809 universum
444 1748 653 1810 maledicentia.
674 1751 769 1811 Porro
789 1751 1022 1810 maledicentiam
1031 1750 1174 1832 inteiligi—
1261 1746 1267 1759 '

58 1844 123 1898 arus,
140 1847 200 1885 nou
220 1825 474 1907 obiurgationem‚
505 1847 580 1906 quae
599 1827 633 1885 iit
652 1826 810 1908 castigandi
829 1826 943 1887 studio:
973 1847 1035 1885 non
1056 1848 1174 1887 accuso·

59 1900 153 1961 tionem
171 1913 223 1963 aut
240 1902 420 1962 iudiciariam
441 1903 708 1978 denuntiationem,
727 1925 785 1983 qua
804 1903 964 1963 remedium
985 1903 1062 1963 malo
1083 1923 1175 1982 quae-

59 1978 134 2037 ritur:
153 1999 215 2047 uon
235 1979 383 2071 publicam
403 1980 677 2058 reprehensionem,
704 2000 780 2060 quae
799 1980 834 2039 ad
855 1980 1054 2040 incutiendum
1075 1992 1173 2039 caete·

60 2053 91 2112 ris
106 2056 305 2134 peecatoribus
324 2068 469 2117 terrorem
488 2057 597 2116 tendit:
630 2066 691 2117 non
722 2056 989 2117 manifestationem
1008 2056 1085 2135 apud
1110 2077 1173 2129 eoa,

60 2150 169 2208 qnorum
185 2131 286 2192 salutis
305 2132 427 2193 interest
447 2134 645 2211 praemonitos
671 2134 773 2207 luisse,
812 2154 849 2192 ne
869 2133 1036 2226 ignorantia
1056 2131 1173 2213 pericli·

59 2216 157 2267 tantm:
176 2211 228 2269 sed
247 2209 379 2269 odiosam
400 2209 646 2285 criminationem,
671 2231 745 2290 quae
769 2231 802 2269 ex
821 2210 1003 2291 malignitate
1024 2221 1054 2269 et
1073 2209 1175 2271 obtre-

62 2284 142 2343 cundi
161 2286 322 2367 petulantia
342 2286 477 2345 nascitur.
529 2286 611 2360 Quin
644 2287 700 2349 lmc
726 2307 844 2367 quoque
869 2287 1035 2347 extenditur
1050 2286 1175 2345 manda-

61 2368 109 2419 tun
125 2361 209 2435 istud,
227 2381 268 2422 ne
286 2362 436 2422 scurrilem
458 2361 654 2423 urbanitatem
673 2364 861 2438 aiiectemus,
886 2375 916 2423 et
940 2362 1043 2425 amaris
1069 2361 1173 2423 loedo-

62 2434 102 2495 riia
116 2438 275 2514 intinctam,
296 2438 400 2518 quibus
420 2437 544 2499 aliorum
565 2441 643 2515 vitia,
661 2440 716 2500 sub
738 2442 862 2523 imagine
882 2439 976 2513 lusus,
995 2439 1175 2503 mordaciter

62 2513 292 2596 perstringantur:
323 2514 450 2594 qualiter
477 2515 576 2576 solent
606 2516 759 2591 nonnulli,
790 2518 840 2597 qui
864 2518 1031 2577 facetiarum
1057 2515 1174 2576 laudem
1202 2558 1205 2563 -

64 2608 115 2649 tum
131 2591 255 2651 aliorum
276 2592 386 2651 rubore
411 2613 444 2652 ac
469 2594 554 2651 etiam
581 2594 693 2676 gemitu
719 2605 850 2674 captant:
882 2594 1000 2673 quando
1034 2613 1068 2652 ex
1096 2594 1173 2651 eius-

63 2667 124 2725 ttodi
162 2669 694 2733 rocacitatenonieviteriuterdum
715 2668 1047 2751 isatmsmuggillantur.
1087 2669 1174 2727 Nunc

63 2740 123 2803 ried
138 2689 353 2826 begisiatorem
372 2758 574 2805 convertamus
594 2747 711 2818 oculos,
732 2768 818 2826 quem
840 2747 978 2807 convenit
999 2767 1058 2804 raon
1079 2745 1176 2804 miuus

63 2820 160 2882 mribus
179 2836 269 2901 atque
288 2820 385 2880 animo
407 2844 492 2900 quam
513 2823 645 2959 linguae,
674 2846 729 2902 pro
749 2845 802 2883 suo
828 2823 891 2882 iure
917 2821 1077 2879 dominari:
1108 2842 1175 2880 suc·

63 2910 141 2957 neret
158 2912 242 2958 certe
263 2909 293 2956 et
311 2898 518 2958 audiendarum
539 2922 557 2959 o
582 2901 787 2961 trectatIonum
808 2899 990 2970 aviditatem,
1016 2908 1047 2955 et
1065 2897 1177 2976 impor-

64 2975 195 3035 mamad
216 2974 332 3034 sinistra
351 2973 455 3034 iudicia
482 2977 709 3055 propensionem
730 2975 918 3034 nihilominus
939 2973 1083 3033 interdici.
1122 2973 1175 3031 tti-

65 3044 169 3110 ditulum
192 3052 270 3109 enim
293 3062 346 3123 est,
366 3052 389 3111 si
410 3054 473 3142 quis
494 3065 578 3131 putet
597 3054 693 3112 Deum
713 3053 808 3111 odisse
827 3050 1050 3122 maledicentiae
1067 3048 1098 3108 in
1118 3049 1176 3108 lin·

63 3140 106 3203 gua
122 3128 273 3187 morbum:
305 3127 492 3209 malignitatis
514 3128 678 3203 inanimo,
711 3151 770 3188 non
792 3129 970 3208 improbare.
1029 3126 1131 3201 Quare
1150 3127 1177 3186 si

10 3216 12 3221 ’
63 3219 129 3263 rems
147 3217 191 3264 est
211 3205 301 3263 timor
320 3216 408 3283 atque
428 3225 511 3263 amor
530 3204 590 3264 Dei
608 3207 638 3264 in
664 3206 766 3279 nobis,
796 3207 895 3264 demus
926 3224 1046 3283 operam
1078 3204 1176 3282 quoad

10 3288 12 3295 '
44 3272 115 3361 'ieet
130 3293 159 3341 et
179 3280 311 3361 expedit,
341 3293 372 3340 et
391 3292 530 3360 quantum
551 3282 609 3341 sert
629 3284 748 3356 caritas,
780 3303 817 3341 ne
843 3278 1004 3341 maledictis
1024 3291 1054 3338 et
1072 3280 1177 3338 amaris
1269 3321 1273 3327 -

61 3354 148 3418 ribus
167 3357 214 3417 rei
235 3358 365 3437 linguam
386 3357 431 3416 vel
451 3379 534 3417 aures
553 3359 759 3438 praebeamus,
790 3376 827 3417 ue
851 3357 979 3436 obliquis
998 3356 1177 3436 suspicioni-

59 3426 100 3493 bus
116 3446 227 3495 terame
247 3455 316 3493 men
332 3454 377 3491 em
397 3434 612 3513 permittamus:
632 3435 683 3495 sed
703 3434 788 3514 aequi
809 3455 879 3516 erga
899 3434 1029 3494 omniurn
1050 3434 1126 3492 dicta
1147 3444 1178 3492 et

56 3504 116 3570 satta
134 3512 330 3591 interpretes,
349 3521 410 3568 tum
431 3511 555 3583 iudicio,
575 3523 636 3570 tum
657 3511 784 3585 auribus,
804 3525 866 3571 tum
886 3510 987 3592 lingua
1006 3508 1117 3570 salvum
1138 3508 1174 3567 il-

55 3579 178 3649 litsuum
198 3587 345 3649 bonorem
367 3587 488 3647 candide
507 3608 663 3649 servemus.

261 3833 641 3895 PRAECEPTUM
679 3782 955 3894 DECIlliUlli.

191 3979 273 4040 Non
294 3978 534 4058 concupisces
560 3976 698 4037 domum
724 3976 879 4056 proximi
898 3975 950 4034 tui
970 3985 1027 4036 etc.

117 4129 165 4188 49.
205 4120 289 4181 Finis
315 4131 372 4181 est:
410 4122 560 4197 Quoniam
597 4131 688 4179 totam
718 4120 840 4180 animam
872 4117 1039 4179 dilectionis
1068 4113 1179 4176 aiiectu

40 4198 184 4281 possideri
204 4198 269 4259 vult
286 4194 385 4262 Deus.
410 4219 527 4258 omnem
548 4197 695 4257 adversam
717 4197 828 4256 caritati
853 4194 1041 4275 cupiditatem
1061 4211 1095 4252 ex
1114 4194 1178 4252 ani-

38 4278 92 4339 mis
112 4274 332 4337 excutiendam.
363 4274 483 4335 Summa
500 4275 592 4356 igitur
607 4274 673 4348 erit,
685 4293 723 4332 ne
736 4294 793 4355 qua
804 4271 943 4355 cogitatio
958 4268 1045 4331 nobis
1058 4268 1180 4349 irrepat,
1238 4296 1241 4303 ·

40 4374 115 4433 quae
129 4352 218 4416 noxia
240 4362 272 4411 et
290 4351 321 4411 in
333 4348 449 4412 alterius
469 4352 676 4413 detrimentum
695 4362 837 4433 vergente
849 4345 1096 4427 concupiscentia,
1115 4346 1180 4407 ani-
