2700 4732
457 196 535 261 tta
553 196 608 260 tv,
645 195 736 261 ChP.
753 194 870 260 xvm.
1056 244 1060 254 ·
1180 199 1240 265 tat

107 365 214 427 nempe
232 342 305 406 alios
344 342 422 404 lures
440 361 504 403 esse
523 341 618 404 iactos
636 341 804 404 sacerdotes
823 339 891 419 quia
908 348 1006 400 morte
1023 337 1239 433 impedirentur
1275 316 1277 320 Ι

106 365 517 505 permanere(liebr.7,23.).
556 419 689 481 Christus
700 439 784 503 ergo,
802 417 853 497 qui
872 427 968 476 morte
988 437 1049 476 uon
1069 418 1239 498 impeditur,

107 494 181 560 uirus
202 511 246 560 est
270 518 325 558 nec
350 494 538 556 consortibus
557 495 681 577 indiget.
700 530 739 544 —
778 495 865 569 Quae
884 505 981 553 tamen
994 512 1097 554 eorum
1117 505 1163 554 est
1180 493 1238 555 im·

107 575 256 656 probitas,
288 574 323 633 ad
342 572 531 651 ¹impietatem
556 593 638 632 suam
669 571 806 633 tuendam
838 568 972 648 exemplo
990 569 1186 631 Melchisedec
1204 592 1239 633 se

107 664 229 712 armant.
279 651 359 724 Quia
382 649 459 707 enirn
490 647 622 708 citatim
641 647 748 707 dicitur
768 668 877 722 meni
896 657 927 704 et
948 647 1059 719 uinum,
1080 647 1238 741 colligunt,

107 728 195 788 fuisse
216 727 394 806 praeludium
415 725 519 784 Missae
538 745 621 785 suae:
646 725 704 784 acsi
728 724 807 783 inter
831 743 897 782 eum
918 733 948 780 et
967 722 1116 783 Christum
1136 724 1239 785 srmili·

106 805 181 863 tudo
200 814 275 863 esset
294 803 323 861 in
345 800 425 880 panis
445 800 552 860 etvini
572 801 733 861 oblatione.
774 800 864 874 Quod
880 799 970 880 magis
990 798 1120 859 ieiunum
1141 814 1186 861 cst
1204 822 1239 862 an

109 879 256 956 frivolum,
275 899 361 956 quarn
382 888 415 936 ut
433 876 611 936 refutatione
632 889 726 1013 optat.
764 876 874 946 Panem
895 888 925 934 et
944 877 1042 935 vinum
1063 877 1144 936 dedit
1163 877 1239 937 ttet-

109 956 243 1016 chisedec
262 954 398 1014 Abrahae
419 965 449 1012 et
469 953 531 1013 eius
551 954 650 1012 comiti
675 976 718 1026 us,
737 964 770 1012 ut
789 952 878 1012 lassos
898 971 932 1010 ex
951 951 1057 1010 itinere
1077 964 1108 1012 et
1127 954 1238 1033 praelio

108 1033 256 1091 reficeret:
278 1030 347 1110 quid
368 1029 424 1089 hoc
444 1029 690 1096 adsacrificiumi
728 1030 899 1087 Humanitas
918 1027 1009 1087 sancti
1029 1025 1118 1110 Regis
1139 1028 1238 1090 lauda-

108 1120 157 1168 tur
181 1129 196 1167 a
220 1108 319 1167 Mose:
350 1106 519 1184 mysterium
545 1105 713 1183 importune
733 1105 779 1165 isti
809 1104 968 1177 excudunt,
993 1103 1074 1163 cuius
1100 1105 1180 1166 nulla
1204 1106 1240 1168 fn

108 1186 231 1244 mentio.
276 1185 390 1242 Fucant
412 1193 510 1240 tamen
536 1203 619 1240 suum
646 1202 776 1240 errorem
795 1180 853 1240 alio
874 1179 989 1251 colore,
1013 1180 1081 1259 quia
1106 1183 1239 1262 seqnitur

109 1260 251 1321 continuo
273 1270 352 1339 post:
373 1256 433 1330 „Et
452 1269 517 1316 erat
527 1257 670 1317 Sacerdos
691 1257 748 1315 Dei
768 1255 928 1315 attissimie‘
960 1255 1017 1314 Res
1038 1256 1150 1331 ondeo,
1169 1280 1240 1338 per.

107 1356 206 1415 peram
233 1355 283 1394 eos
308 1333 424 1393 trahere
448 1333 483 1391 ad
508 1352 613 1411 panern
634 1345 664 1393 ct
682 1335 791 1405 vinum,
810 1333 889 1410 quod
908 1278 1069 1422 Apostolus
1088 1334 1125 1393 ad
1146 1336 1240 1395 bene·

107 1411 268 1471 dictionem
288 1411 388 1469 refert
408 1409 531 1482 „Quum
551 1429 624 1489 ergo
642 1409 777 1470 sacerdos
797 1419 873 1468 esset
890 1407 959 1481 Dei,
979 1408 1127 1471 benedixit
1143 1412 1241 1474 dbra-

107 1486 195 1546 hae.“
234 1488 322 1545 Unde
343 1487 419 1544 idem
440 1484 600 1563 Apostolus
619 1487 695 1565 (quo
715 1483 821 1544 melior
841 1503 901 1543 non
924 1496 968 1544 est
987 1488 1172 1563 quaerendus
1192 1488 1241 1549 in·

107 1565 236 1652 terpres)
268 1561 381 1641 colligit
410 1561 471 1621 cius
508 1562 729 1640 praestantiam:
766 1604 785 1634 „
809 1560 855 1618 uia
887 1559 986 1619 minor
1015 1560 1241 1626 benedicitur-a

107 1644 239 1698 marore“
259 1638 366 1714 (Hebr.
379 1642 408 1711 7,
420 1639 472 1712 7.).
516 1638 632 1712 Quodsi
662 1636 775 1701 oblatio
788 1582 992 1696 (llelcbisedec
1015 1638 1149 1699 sacrificii
1168 1642 1241 1702 ldis·

107 1715 173 1776 salis
193 1715 285 1796 figura
306 1726 397 1788 esset,
417 1734 454 1772 an
474 1712 648 1793 Apostolos,
668 1713 810 1786 obsecro,
830 1713 880 1792 qui
899 1711 1018 1773 minima
1038 1734 1172 1794 quaeque
1192 1737 1242 1778 ιι.

108 1790 198 1863 cutit,
230 1810 289 1849 rem
315 1790 389 1879 adeo
413 1791 517 1850 seriam
539 1802 569 1849 et
586 1810 704 1882 gravem
731 1789 831 1849 suisset
850 1787 978 1878 oblitus?
1015 1787 1080 1850 Iam
1100 1792 1241 1872 quicquid

57 1960 59 1967 ·
108 1879 537 2012 ttlsslilzlilllffbttti
551 1864 1242 2030 'lt¹tttlllffl'l,:lllssffll‘olilltllt

109 2021 261 2092 mortales,
287 2019 353 2097 quia
374 2018 523 2095 Christus,
554 2021 605 2100 qui
625 2016 796 2079 immortalis
816 2029 875 2091 est,
906 2038 1009 2078 unicus
1028 2038 1063 2079 ae
1082 2034 1241 2102 perpetuus

110 2109 155 2156 m
174 2094 353 2238 Spcepllppn
372 2146 485 2263 Missae
495 2170 587 2231 virtus
612 2171 765 2262 proposita
786 2181 869 2261 erat,
892 2170 971 2249 quod
993 2169 1104 2262 Christi
1122 2194 1242 2237 crucem

109 2261 335 2387 {lellt'tlsst
346 2246 1242 2406 stlat¹ll„tl‘tlgrultiultl‘bt‘ltitlte‘tl

108 2401 264 2481 metipsum
284 2402 313 2459 in
333 2400 503 2473 sacrificium
524 2399 650 2477 obtulit,
697 2421 735 2460 uo
756 2421 810 2460 nos
830 2404 859 2459 in
885 2412 1060 2478 perpetuum
1080 2405 1242 2467 sanctifica·

109 2491 156 2538 ret
175 2491 205 2538 et
224 2489 373 2537 aeternam
391 2477 625 2556 redemptionem
647 2498 686 2536 no
709 2477 732 2536 is
752 2477 917 2556 acquireret
927 2480 977 2553 *):
1000 2477 1075 2537 haud
1093 2479 1181 2540 dubie
1195 2485 1240 2544 vit

109 2568 198 2633 atque
219 2553 346 2614 efficacia
368 2556 429 2613 eius
448 2551 578 2625 sacrificii
599 2553 681 2614 nullo
702 2553 760 2612 bne
780 2565 899 2632 perstat.
937 2553 1057 2632 Alioqui
1072 2554 1165 2616 nibilo
1184 2559 1242 2618 bo·

112 2631 312 2691 norihcentius
333 2629 369 2688 de
390 2628 510 2690 Christo
529 2630 713 2703 sentiremus,
754 2650 817 2688 uam
839 2629 875 2688 de
894 2628 991 2689 bobus
1016 2641 1046 2688 et
1064 2631 1171 2703 vitulis,
1190 2635 1242 2713 qui

109 2708 163 2767 sub
184 2708 264 2786 Lege
283 2706 523 2765 immolabantur:
548 2727 673 2784 quorum
698 2651 863 2765 oblationes
888 2724 922 2763 ex
942 2727 979 2764 eo
1005 2705 1170 2769 inefficaces
1194 2730 1242 2770 ar·

111 2795 241 2915 guunpup
256 2794 285 2839 ct
303 2781 476 2913 imlpepillae,
496 2783 574 2870 quod
595 2781 708 2913 slaepius
727 2782 946 2915 iteriignim'„
958 2780 1242 2918 QuareautiCpristi

112 2877 265 2994 sinn
283 2878 343 2990 tlt
362 2878 414 2991 ,s
435 2868 1110 3022 sessuintuentessesni:
1128 2874 1244 3000 ,nst

112 3009 282 3071 defunctum
294 3027 366 3067 esse.
404 3008 438 3066 ld
459 3018 512 3083 est,
532 3007 610 3086 quod
631 3007 881 3087 dictthpostolus,
900 3008 1051 3069 Summum
1072 3009 1245 3076 huncPon·
1283 3050 1288 3063 ·

111 3087 222 3149 tihcem
240 3083 389 3144 Christum
407 3084 497 3145 semel
517 3105 570 3164 per
588 3083 817 3144 immolationem
837 3084 882 3145 ani
902 3086 1078 3165 apparuisse,
1097 3088 1150 3149 snb
1170 3111 1244 3151 con.

112 3165 338 3224 summationem
357 3159 480 3233 saeculi,
497 3162 533 3221 ad
553 3161 663 3240 peccati
685 3160 931 3242 profligationem.
970 3160 1060 3234 Item,
1081 3165 1245 3231 voluntate

112 3239 171 3298 Del
191 3258 245 3298 nos
256 3237 451 3297 sanctificatos
465 3256 526 3296 esse
538 3258 591 3317 per
609 3235 790 3297 oblationem
802 3237 934 3317 corporis
954 3238 1021 3299 lesu
1032 3239 1142 3302 Christi
1152 3246 1243 3306 semel

113 3316 232 3375 sactum.
271 3314 356 3388 Item,
377 3314 524 3374 Christum
545 3335 602 3372 nna
622 3312 772 3374 oblatione
791 3316 822 3373 in
842 3327 1014 3394 perpetuum
1029 3338 1244 3383 consummasse

113 3391 314 3452 sanctificatos.
354 3390 469 3464 Quibus
489 3390 632 3469 insignem
651 3390 824 3451 sententiam
844 3390 1007 3467 subnectit,
1029 3396 1178 3474 Aequisita
1198 3418 1245 3459 ae·

114 3467 171 3526 mel
194 3478 378 3546 peccatorum
404 3465 593 3539 remissione,
623 3464 732 3525 nullam
763 3465 885 3546 amplius
917 3480 1027 3529 restare
1052 3469 1244 3536 oblationem.

116 3545 183 3602 Hoc
203 3555 234 3601 et
252 3555 397 3622 postrema
416 3564 465 3603 sua
485 3563 560 3604 voce
580 3554 609 3601 et
635 3541 714 3602 inter
737 3542 855 3603 ultimos
878 3545 995 3622 spiriths
1014 3546 1092 3607 edita
1111 3549 1245 3614 Christnt

116 3619 303 3700 significavit,
329 3640 417 3698 quum
442 3619 513 3678 dixit
531 3619 793 3691 „Consummatum
813 3625 877 3679 ειν*
896 3621 1113 3702 (Io.19,30.).
1157 3627 1246 3687 sote.

115 3718 179 3755 mus
200 3706 339 3754 extremas
359 3696 547 3756 morientium
566 3715 652 3756 voces
677 3716 733 3774 pro
759 3695 882 3756 oraculis
908 3697 1074 3759 ohservare.
1111 3701 1246 3767 Christus

116 3772 245 3830 moriens
266 3782 402 3846 testatur,
427 3792 487 3831 uno
511 3792 565 3832 suo
589 3772 732 3833 sacrificio
757 3771 920 3853 perlectum
947 3794 1009 3835 esse
1034 3788 1065 3835 et
1083 3777 1246 3858 impletum,

117 3846 258 3927 quicquid
287 3847 316 3905 in
344 3848 464 3908 salutem
495 3861 624 3908 nostram
655 3861 726 3908 erat.
776 3848 868 3909 Nobis
899 3849 1064 3913 huiusmodi
1092 3856 1235 3918 sacrificio

116 3926 198 3984 cuius
220 3922 432 4003 perlectionem
452 3923 615 3984 luculenter
633 3926 707 3984 adeo
718 3926 942 4000 commendavit,
961 3931 1041 4006 quasi
1060 3902 1248 4012 imperfecto:

116 4023 153 4062 ao
173 4002 325 4060 innumera
346 4001 478 4079 quotidie
503 4021 618 4061 assuere
643 4001 758 4062 licebit?
797 4002 927 4077 Quando
952 4021 1168 4069 sacrosanctum
1188 4011 1248 4074 Dei

118 4078 239 4137 verbum
259 4096 321 4135 non
341 4077 467 4137 affirmat
485 4079 593 4154 modo,
616 4078 668 4140 sed
687 4077 792 4139 clamat
811 4081 899 4138 etiarn
919 4092 950 4139 et
968 4094 1165 4161 contestatur,
1190 4088 1248 4150 boc

188 4319 217 4388 *)
233 4317 344 4385 Haud,
360 4324 401 4379 11.
417 4322 548 4379 etstan.
582 4320 676 4378 Paullo
692 4322 762 4379 inira
778 4322 895 4381 ct'ttah.
911 4325 938 4391 9,
953 4328 995 4386 db
1012 4328 1112 4393 1⁰21&
1122 4329 1249 4390 ttutt
1276 4366 1279 4370 *
