2700 4732
14 216 162 281 am
477 202 908 307 ιιιιιιιιςιιιιιιιι.Ι

103 353 234 417 nascitur
250 368 343 432 seges.
392 348 457 411 Nec
474 368 546 411 vero
575 370 623 411 res
647 360 706 413 tam
736 350 863 412 difficilis
893 358 970 411 esset
992 348 1132 425 creditu,
1158 348 1238 411 ried

104 427 255 501 miracula,
273 445 398 507 quaese
416 445 472 506 per
490 444 593 487 omnes
610 426 713 491 mnndi
730 426 828 509 plagas
848 423 942 488 oeulis
960 425 1239 509 nostriuiugerunt,

105 505 211 569 attenti
230 516 263 564 ut
281 525 335 584 par
354 514 399 563 est
416 522 552 563 essemus.
584 540 587 545 >
602 501 760 564 Caeterum
777 502 1013 579 meminerimus,
1033 502 1187 565 nemiuem
1205 500 1240 563 de

104 584 204 644 futura
223 581 517 671 resurrectionerere
537 597 600 639 esse
619 598 797 669 persuasum,
816 578 871 639 nisi
891 580 941 713 qui
961 578 995 668 in
1015 578 1236 669 admiratione·

105 670 221 794 rufus.
234 657 430 809 tillidi?
455 654 794 791 tttl‘tlttttn
810 652 1236 793 littttatlt‘tdt‘t't

105 754 345 891 iixhiigiscimidi
367 820 397 865 et
422 774 534 867 laiidate
561 806 739 868 habitatores
758 804 913 887 pulveris.“
956 752 1235 889 sebastopolim

106 906 170 949 sese
189 884 299 945 attollit
316 884 352 943 ad
364 884 460 942 Deum
478 885 553 943 vitae
573 894 735 956 auctorem,
753 903 842 1015 penes
853 903 939 961 quem
958 894 1030 943 sunt
1048 881 1149 943 exitus
1163 900 1235 943 mor·

105 958 159 1037 tis,
184 974 218 1022 ut
244 962 349 1021 dicitur
368 960 397 1018 in
416 958 533 1018 Psalmo
552 960 619 1035 (68,
638 964 711 1033 21.)-
778 958 816 1018 ob
843 959 930 1017 etiam
956 957 1095 1019 cadaveri
1120 958 1235 1019 simr'lior

107 1060 194 1177 quam
215 1037 342 1108 homiui,
372 1035 462 1094 lectus
481 1033 539 1093 Dei
559 1036 708 1169 potentia,
733 1056 794 1094 uon
820 1034 934 1095 dubitat
952 1034 1036 1115 quasi
1061 1034 1185 1119 integer
1203 1034 1234 1095 ad

128 1116 187 1176 iem
205 1113 286 1172 illum
306 1132 336 1170 se
355 1108 507 1169 attollere:
537 1152 557 1184 „
583 1112 628 1169 cio
650 1111 730 1189 quod
749 1110 921 1190 redemptor
943 1131 1025 1171 meus
1045 1111 1135 1173 vivite
1163 1111 1233 1171 etin

106 1190 268 1252 novissimo
289 1188 336 1245 die
356 1198 456 1267 surget
474 1206 562 1266 super
581 1186 750 1266 pulverem“
776 1189 897 1266 (nempe
917 1198 950 1246 ut
969 1208 1052 1247 suam
1075 1188 1233 1267 potentian

91 1267 168 1340 ‚ittte
188 1264 314 1335 exserat)
334 1274 387 1337 „et
407 1282 519 1323 rursum
540 1260 744 1322 circumdabor
764 1262 841 1343 pelle
860 1283 940 1331 mea,
964 1262 1044 1322 etin
1066 1282 1232 1323 carneuna
1275 1286 1277 1303 ¹

106 1341 216 1401 videbo
229 1339 340 1398 Deum:
360 1338 471 1397 visurus
489 1360 552 1396 sum
572 1338 644 1418 ipse,
665 1351 694 1397 et
713 1359 774 1399 non
794 1338 889 1397 alius“
909 1338 990 1416 (lot.
1000 1344 1051 1413 19,
1061 1342 1139 1417 25)
1167 1340 1233 1399 Ne!

109 1418 164 1478 etsi
183 1415 299 1495 quidam
319 1413 451 1475 subtilius
475 1413 654 1493 detorquent
672 1414 755 1474 locos
775 1415 861 1489 istos,
884 1416 942 1475 acsi
963 1416 999 1473 de
1019 1416 1232 1477 resurrectione

109 1492 217 1585 exponi
243 1510 304 1551 non
330 1489 488 1563 deberent,
514 1491 689 1550 confirmant
712 1503 808 1550 tamen
834 1492 912 1570 quod
939 1503 1080 1551 evertere
1107 1492 1232 1573 cupiunt:

109 1590 178 1651 quaa
199 1587 259 1628 non
279 1566 395 1629 aliunde
414 1566 505 1627 sancti
520 1567 573 1625 viri
591 1565 724 1627 solatium
746 1580 849 1658 petunt
868 1568 897 1625 in
916 1567 973 1627 suis
993 1566 1093 1639 malis,
1112 1586 1233 1649 quamn

108 1641 540 1707 resurrectionissimilitudine.
580 1642 671 1716 Quod
691 1642 794 1702 melius
814 1663 847 1703 ex
866 1642 934 1703 loco
945 1643 1117 1704 Ezechielis
1129 1662 1232 1726 eogno-

108 1723 199 1783 scitur
218 1720 287 1797 (37,
304 1720 359 1795 8.).
405 1718 478 1778 Nam
499 1740 587 1798 quum
611 1719 833 1797 promissionem
857 1720 968 1779 reditus
993 1719 1101 1779 ludaei
1124 1738 1234 1811 respue·

108 1810 193 1872 rent,
216 1818 250 1857 ae
269 1795 448 1867 obiicerent,
472 1795 563 1855 nihilo
588 1797 677 1875 magis
698 1814 759 1855 esse
778 1795 933 1874 probabile
951 1796 1008 1855 sibi
1027 1796 1143 1875 aperiri
1159 1816 1234 1867 ruam.

110 1896 196 1954 quam
217 1884 348 1933 mortuos
375 1870 452 1930 exire
478 1890 494 1930 c
518 1872 669 1952 sepulcro,
701 1872 772 1931 visio
792 1872 959 1950 Prophetae
979 1871 1132 1949 offertur,
1149 1872 1233 1951 campi

133 1950 191 2010 leni
212 1949 323 2009 ossibus
347 1946 449 2006 aridis:
479 1967 511 2007 ea
541 1948 623 2007 iubet
641 1947 721 2007 Deus
753 1967 869 2007 carnem
899 1960 928 2007 et
959 1968 1069 2009 nervos
1101 1950 1231 2029 recipere.

109 1973 287 2104 iluanquam
306 2024 358 2085 sub
379 2022 472 2103 figura
495 2023 543 2083 illa
571 2022 711 2103 populum
731 2023 766 2081 ad
785 2042 866 2102 spem
887 2024 996 2083 reditus
1016 2024 1062 2084 eri
1087 2024 1127 2101 Ἰ,
1151 2034 1232 2085 mate·

111 2106 184 2164 riam
203 2113 301 2161 tamen
320 2100 455 2179 sperandi
483 2100 570 2159 sumit
595 2120 628 2158 ex
648 2101 876 2159 resurrectione:
904 2100 989 2160 sicuti
1014 2122 1057 2161 no
1081 2102 1108 2163 is
1132 2098 1233 2183 praect-

132 2199 200 2239 num
220 2188 264 2237 est
283 2195 362 2235 crem
385 2174 428 2234 lar
452 2173 658 2236 liberationum
679 2176 821 2249 omnium,
841 2197 911 2255 quas
933 2176 1070 2238 sentiunt
1090 2174 1231 2255 lideleeie

110 2200 169 2315 inc
194 2252 313 2313 mundo.
364 2196 414 2310 bic
435 2252 581 2326 Christus,
613 2265 763 2331 postquam
788 2272 892 2311 vocem
916 2252 1073 2333 Evangelii
1100 2254 1232 2315 virifica!

112 2350 173 2390 esse
186 2329 302 2388 docuit:
323 2329 390 2405 quia
410 2327 466 2388 hoc
487 2349 547 2386 non
568 2329 747 2407 recipiebant
757 2329 866 2403 Iudaei,
885 2350 952 2389 mox
964 2330 1045 2389 addit
1059 2328 1231 2421 (luxum

111 2405 232 2482 „Nolite
252 2403 349 2463 mirari
371 2403 443 2477 hoc,
472 2406 538 2482 quia
562 2406 642 2464 vertit
669 2404 740 2463 hora
769 2405 798 2463 in
826 2426 881 2484 qua
902 2425 1020 2480 omnes,
1051 2406 1106 2485 qui
1125 2418 1231 2469 santra

111 2480 325 2553 monumentis,
362 2480 480 2538 audient
508 2500 612 2539 vocem
645 2479 713 2539 Filii
741 2482 814 2553 Dei,
851 2493 881 2541 et
914 2482 1116 2560 prodibunt.“
1163 2482 1231 2563 Ergo

112 2556 244 2635 exemplo
269 2554 352 2615 Pauli
384 2554 518 2615 alacriter
545 2557 600 2613 iam
630 2556 838 2637 triumphemus
867 2558 945 2617 inter
976 2558 1092 2619 medias
1124 2578 1232 2641 pugnet,

112 2634 213 2715 „quod
234 2644 338 2712 potens
358 2631 424 2705 sit‚“
445 2631 494 2711 qui
516 2633 600 2690 nobis
621 2636 753 2710 promisit
773 2635 898 2693 futuram
916 2635 1013 2709 vitam,
1033 2654 1175 2708 „servare
1190 2634 1231 2693 de·

112 2711 273 2792 positum:“
299 2718 386 2786 atque
411 2708 450 2767 ita
476 2706 637 2789 gloriemur
660 2711 816 2787 repositam
838 2730 900 2768 esse
926 2708 1013 2769 nobis
1032 2731 1179 2771 coronam
1195 2709 1232 2769 ir·

111 2786 219 2861 stiriae,
238 2805 323 2864 quam
344 2783 447 2843 reddet
466 2784 551 2843 uobis
571 2786 661 2843 iustus
681 2786 766 2845 imlex
785 2786 1063 2865 (11.Tim.1‚12.ea
1075 2790 1167 2863 4,8.).
1192 2786 1231 2847 Sit

112 2864 164 2923 fiet
175 2874 208 2923 ut
227 2860 363 2995 quicqqid
383 2860 579 2920 molestiarum
601 2862 790 2941 perpetimur,
810 2864 938 2923 ostensio
960 2864 1047 2922 nohis
1069 2864 1111 2925 sit
1131 2866 1231 2923 lutosae

111 2940 199 3011 vitae,
239 2938 283 2997 uia
335 2940 362 2995 ei
381 2949 501 2996 naturae
521 2938 660 2997 convenit
679 2942 840 3017 rependere
860 2940 1052 2998 afflictionem
1075 2940 1173 3021 impiis
1190 2936 1231 3019 qui

112 3037 168 3075 nos
187 2961 337 3095 diligunt,
363 3012 447 3072 nobis
467 3034 536 3074 vero
558 3014 606 3092 qui
626 3014 731 3073 iniuste
749 3015 919 3096 affligimur,
944 3017 1081 3093 requiem
1102 3018 1134 3077 in
1154 3012 1232 3077 meni·

112 3093 269 3151 festatione
296 3088 404 3149 Christi
430 3111 495 3147 cum
527 3089 636 3169 angelis
668 3092 816 3169 potentiae
844 3112 927 3165 suae,
957 3091 986 3149 in
1018 3092 1142 3154 llamma
1170 3088 1233 3175 ignit

114 3167 168 3245 (Il.
190 3168 291 3225 Thess.
312 3173 346 3238 1,
366 3168 418 3237 6.).
463 3164 520 3223 Sed
547 3167 706 3226 tenendum
727 3169 868 3247 estquod
894 3166 979 3246 paulo
1008 3180 1082 3247 post
1103 3168 1234 3251 adiungit,

112 3255 267 3304 venturum
288 3253 320 3298 ut
329 3240 511 3331 glorificetur
528 3240 558 3298 in
578 3244 683 3302 sanctis
703 3246 770 3318 suis,
790 3257 819 3303 et
838 3242 1013 3304 admirabilis
1033 3244 1090 3306 fiat
1110 3241 1234 3307 inomni·

114 3319 168 3380 bus
188 3318 238 3396 qui
257 3317 454 3391 crediderunt,
474 3316 541 3395 quia
561 3317 631 3377 fides
652 3318 749 3380 hahita
770 3321 858 3380 suerit
877 3320 1053 3398 Evangelio.

190 3401 218 3458 5.
255 3392 318 3451 Etsi
339 3404 434 3451 autem
459 3393 608 3452 hominum
634 3407 745 3455 mentes
770 3397 799 3455 in
826 3396 882 3455 hoc
901 3398 996 3456 studio
1017 3398 1138 3459 assidue
1157 3420 1235 3461 oest-

114 3469 177 3551 pari
198 3467 335 3528 decebat:
363 3468 441 3546 quasi
468 3480 565 3527 tamon
586 3471 650 3529 data
671 3491 760 3549 opera
785 3473 903 3531 abolere
923 3472 1033 3532 vellent
1054 3496 1178 3537 omnem
1194 3492 1235 3533 re·

114 3544 303 3607 surrectionis
323 3544 507 3618 memoriam,
532 3558 655 3605 mortem
680 3561 824 3607 vocarunt
849 3549 952 3607 lincam
980 3570 1081 3609 rerum
1105 3552 1235 3623 omniun,

115 3635 146 3683 et
164 3621 315 3681 interitum
335 3619 468 3680 hominis.
505 3621 578 3680 Nam
594 3635 673 3682 certe
693 3625 729 3682 cle
749 3626 895 3683 communi
917 3638 946 3685 et
967 3638 1090 3705 recepta
1103 3628 1236 3708 opinione

116 3698 247 3779 loquitur
266 3692 404 3769 Salomo,
429 3718 515 3774 quum
536 3698 606 3757 dicit
626 3720 726 3758 canem
747 3704 842 3759 vivum
864 3701 1016 3760 meliorem
1038 3724 1106 3763 esse
1126 3718 1234 3765 mortno

116 3776 204 3835 leone
224 3771 348 3853 (Eccles.
368 3780 402 3847 9,
421 3776 473 3848 4.).
517 3774 556 3830 Et
576 3773 644 3833 alibi
663 3776 748 3853 (ibid.
768 3783 802 3851 3,
822 3779 897 3855 at.):
929 3776 1030 3851 „Quis
1055 3781 1117 3842 scit
1135 3802 1172 3841 an
1190 3779 1235 3839 ho-

115 3850 201 3909 minis
221 3851 315 3909 anima
334 3849 469 3909 ascendat
488 3872 617 3925 sursum,
650 3864 680 3911 ct
704 3853 797 3912 anima
821 3855 943 3913 iumenti
969 3856 1133 3917 descendat
1158 3858 1236 3917 dent·

115 3926 216 3988 sum?“
256 3925 401 3985 Omnibus
427 3937 522 3984 autem
547 3928 667 3987 saeculis
693 3942 834 4011 grassatus
860 3942 903 3989 est
928 3930 973 3989 hic
999 3930 1107 3993 brutus
1131 3946 1237 4013 stupor,

115 4001 248 4083 adeoque
268 4002 297 4059 in
317 4002 408 4081 ipsam
427 3999 577 4061 ecclesiam
598 4007 743 4084 perrupit:
776 4005 842 4084 quia
867 4006 959 4083 palam
987 4006 1049 4065 ausi
1077 4022 1150 4069 sunt
1174 4028 1236 4091 pro·

115 4079 191 4137 literi
211 4076 372 4138 Sadducaei
394 4076 502 4136 nuttam
515 4098 576 4138 esse
596 4081 851 4154 resurrectionem,
870 4086 927 4141 imo
947 4083 1058 4142 animas
1080 4106 1146 4145 esse
1164 4104 1237 4147 mot-

114 4153 444 4233 tales(lllarc.12,18.
470 4152 541 4214 Luc.
560 4162 608 4230 20,
627 4160 698 4233 27.).
757 4156 815 4215 Sed
836 4179 873 4217 ne
900 4180 985 4235 quem
1011 4158 1126 4221 levaret
1153 4178 1237 4223 crasse

116 4230 188 4290 haec
206 4229 386 4311 ignorantia,
416 4230 480 4309 ipso
506 4243 626 4291 naturae
645 4232 786 4294 instinctu
805 4234 947 4293 increduli
970 4255 1094 4315 semper
1117 4238 1237 4321 effigiem

115 4307 341 4385 resurrectionis¹
357 4304 521 4367 habuerunt
538 4320 607 4369 ante
626 4308 738 4372 oeulos.
779 4310 928 4385 Quorsum
948 4311 1027 4371 enim
1045 4332 1133 4377 sacer
1151 4328 1182 4377 et
1199 4314 1238 4375 in·
