2700 4732
475 217 553 284 sm
571 219 627 284 IV.
666 219 756 285 cue.
774 219 873 283 Μ.
936 314 938 319 Ι
1190 222 1250 303 4³2

111 364 249 442 famelici,
268 364 305 427 ad
324 364 398 428 tales
416 364 542 428 lautitias
554 365 757 433 convenirent.
798 367 868 425 Non
888 362 992 424 iniuria
1002 361 1092 446 igitur
1100 362 1248 443 principio

57 466 61 500 s
95 452 291 523 'conquestus
309 464 390 517 sum,
409 442 529 502 Diaboli
549 454 612 502 arte
633 442 771 502 intrusam
793 441 867 502 hanc
886 440 1145 512 cousuetudinem,
1191 460 1247 501 uae

112 521 181 580 dum
203 541 291 579 unum
311 521 379 580 anni
395 520 471 579 diem
490 518 676 599 praescribit,
696 520 728 578 in
748 529 842 578 totum
862 517 1171 578 annumscicordesre
1212 517 1245 578 it.

111 597 252 656 Videmus
278 597 414 688 quidem,
433 615 598 675 perversum
620 595 698 655 hunc
724 593 846 654 abusum
874 592 1078 673 Chrysostomi
1110 605 1245 671 tempore

58 699 62 733 ε
111 673 167 733 iam
180 672 362 750 obrepsisset·
377 672 428 733 sed
448 672 547 731 videre
566 671 650 731 simul
671 670 751 731 limul
771 671 851 747 licet,
870 681 1055 749 quantopere
1074 669 1128 750 ipsi
1147 668 1246 748 displi-

57 778 61 811 ι
85 811 87 815 .
111 749 213 809 cuerit.
253 749 457 828 Conqueritur
483 752 561 807 enim
587 748 722 842 gravibus
742 746 838 807 verbis
859 767 906 818 eo,
927 768 1012 825 quern
1034 766 1128 825 nuper
1148 745 1244 821 citavi,

111 825 318 907 loco,·tantam
340 846 401 884 esse
423 824 505 883 huius
526 825 569 883 rei
589 825 834 903 inaequalitatem,
854 824 933 903 quod
954 822 1015 881 aliis
1035 824 1104 881 anni
1122 833 1241 956 tempo-

59 952 62 963 .
111 903 191 961 ribus
210 921 438 980 saepenumero.
464 920 518 960 nec
561 924 628 960 uum
649 901 749 959 numdi
768 912 879 973 essent,
911 899 1098 963 accederent:
1132 898 1163 956 in
1210 919 1242 959 a·

110 978 211 1038 achate
237 981 323 1037 etiarn
351 978 501 1036 immundi.
575 978 660 1037 eiode
690 977 843 1045 exclamat:
873 975 924 1049 „0
946 975 1243 1047 consuetudinsm,o

109 1055 409 1133 „praesumptioneml
448 1055 566 1113 Frustra
583 1074 654 1135 ergo
671 1053 973 1131 habeturquotidiana
987 1051 1114 1111 oblatio:
1137 1053 1243 1111 frustra
1331 1072 1336 1085 “

58 1192 61 1197 ,
110 1142 240 1204 „stamus
254 1133 288 1190 ad
299 1129 397 1190 altare.
437 1131 532 1189 Nemo
553 1143 607 1203 est,
623 1131 673 1209 qui
694 1130 777 1188 simul
797 1129 982 1222 participet.“
1003 1128 1131 1188 Tantum
1150 1126 1245 1202 ebat,

112 1214 146 1266 ut
164 1207 337 1267 auctoritato
356 1228 406 1266 sua
427 1209 598 1287 interposita
619 1208 826 1284 comprobarit.

57 1320 62 1353 ς
185 1289 233 1347 47.
272 1284 314 1341 Ex
333 1284 434 1342 cadem
454 1283 566 1361 prodiit
585 1282 704 1344 officina
725 1296 753 1341 et
774 1283 863 1342 altera
887 1279 1076 1355 constitutio,
1100 1299 1176 1359 qnae
1196 1278 1242 1341 di·

57 1396 60 1429 ,
109 1357 225 1430 cnidiam
247 1359 368 1419 Coenae
388 1372 498 1439 partem
524 1359 640 1417 meliori
665 1358 767 1437 populi
788 1358 845 1418 Dei
864 1378 987 1416 numero
1008 1356 1054 1417 vel
1079 1354 1171 1416 iurata
1197 1365 1243 1416 est

57 1474 80 1511 ,Ι
109 1434 156 1494 vel
176 1436 301 1525 eripuit,
334 1455 440 1514 nempe
459 1434 624 1514 symbolum
650 1437 813 1516 sanguinis,
843 1434 924 1513 quod
949 1432 1028 1492 laicis
1052 1443 1084 1491 et
1108 1431 1241 1512 prolenis

58 1566 62 1581 ,
109 1510 169 1588 (his
189 1512 301 1570 scilicet
321 1511 411 1570 titulis
427 1512 484 1570 Dei
504 1510 710 1569 haereditatem
730 1511 907 1602 insigniunt)
925 1508 1123 1581 interdictum,
1144 1507 1241 1588 paucis

57 1641 60 1663 ‚
109 1586 180 1646 rasis
204 1601 235 1644 et
259 1587 352 1645 unctis
377 1588 405 1644 in
432 1585 578 1665 peculium
604 1588 698 1647 cessit.
737 1588 873 1647 Edictum
900 1585 1012 1647 aeterni
1037 1584 1094 1642 Dei
1116 1597 1181 1658 est,
1206 1593 1240 1642 ut

57 1708 59 1739 :
108 1682 212 1722 omnes
239 1662 356 1720 bibant:
389 1663 468 1740 quod
494 1662 583 1722 bomo
609 1680 691 1723 noua·
710 1676 739 1722 et
765 1663 910 1724 conuaria
941 1660 1007 1742 lege
1032 1661 1184 1737 antiquane
1208 1671 1241 1719 et

57 1762 61 1816 g
107 1737 253 1818 abrogare
264 1737 359 1811 audet,
380 1740 506 1812 edicens,
526 1759 564 1797 ne
578 1760 679 1800 ornnes
700 1740 811 1799 bibant.
849 1741 893 1799 Ac
914 1758 951 1799 ne
970 1738 1034 1796 sine
1053 1737 1170 1795 ratione
1185 1734 1242 1795 ad-

57 1880 62 1893 ‚
108 1833 207 1874 versus
228 1815 323 1873 Deum
343 1835 426 1874 suum
447 1827 580 1897 pugnent
597 1816 669 1875 tales
697 1816 894 1898 legislatores,
915 1813 1041 1895 pericula
1059 1811 1240 1886 obtendunt,

109 1909 185 1969 quae
216 1890 350 1949 accidere
367 1903 504 1970 possent,
528 1891 552 1951 si
577 1893 712 1953 omnibus
743 1894 844 1972 passim
871 1902 1067 1971 exponeretur
1089 1909 1172 1949 sacer
1192 1886 1241 1949 hic

109 1965 196 2025 calix:
222 1966 279 2025 acsi
304 1967 340 2027 ab
366 1980 484 2027 aeterna
505 1968 563 2027 Dei
587 1968 726 2047 sapientia
751 1980 906 2060 prospecta
932 1977 1016 2027 caet
1039 1965 1241 2026 animadversa

107 2061 170 2100 non
191 2054 297 2102 essent.
343 2044 460 2103 Deinde
479 2056 583 2126 argute
601 2045 712 2105 scilicet
731 2047 1069 2119 ratiocinantur,··unuxn
1088 2062 1144 2134 pro
1161 2042 1241 2101 duo·

57 2174 62 2189 ,
108 2118 163 2178 bus
188 2138 250 2178 esse
275 2120 350 2178 satis.
394 2121 468 2180 Nam
488 2122 511 2180 si
536 2141 643 2200 corpus
669 2134 727 2195 est,
746 2121 899 2200 inquiunt,
918 2130 998 2180 totus
1023 2119 1158 2181 Christus
1183 2127 1240 2193 est,

57 2194 62 2269 j
109 2196 195 2273 quia
220 2216 273 2255 suo
300 2214 427 2275 corpore
451 2196 506 2255 iam
530 2197 626 2256 diuelli
652 2219 713 2257 non
740 2210 848 2277 potest.
898 2199 978 2277 Ergo
998 2208 1029 2256 et
1048 2217 1156 2274 corpus
1175 2212 1242 2255 sau·

106 2274 226 2407 guinem
253 2293 305 2351 per
325 2274 582 2332 concomitantiam
607 2274 819 2355 complectitur.
869 2274 915 2332 En
935 2293 1034 2333 sensus
1058 2271 1240 2332 austrinum

139 2368 174 2407 eo
195 2368 385 2421 consensum,
414 2350 464 2408 ubi
484 2348 529 2408 vel
548 2350 693 2410 tantillum
714 2351 780 2411 lasis
800 2349 921 2410 habenis
945 2349 1077 2409 lascivire
1097 2347 1241 2419 ferocire·

58 2486 61 2495 ,
107 2445 166 2504 que
185 2426 293 2504 coepit.
331 2425 491 2500 Dominus,
517 2446 621 2504 panem
641 2429 816 2500 ostendens,
840 2448 946 2506 corpus
964 2447 1048 2485 suurn
1069 2444 1131 2485 ease
1147 2424 1238 2484 'dicits

58 2500 61 2509 '
107 2500 227 2561 calicem
249 2502 316 2560 dnm
337 2503 476 2574 ostendit,
495 2504 774 2584 sanguinemrocat.
812 2505 965 2562 Humanae
985 2502 1106 2562 rationis
1116 2501 1240 2560 audacia

106 2590 210 2638 contra
231 2577 382 2653 reclamat,
406 2599 511 2657 panem
532 2600 593 2639 esse
611 2582 799 2663 sanguinem,
820 2581 922 2638 uinum
943 2598 1005 2638 esse
1031 2598 1152 2656 corpus:
1179 2574 1239 2636 acsi

105 2655 252 2714 Dominus
282 2654 361 2714 nulla
392 2676 475 2715 causa
500 2677 607 2735 corpus
630 2680 712 2717 sunm
733 2678 750 2717 a
774 2656 915 2737 sanguine
935 2667 965 2713 ct
984 2655 1081 2714 verbis
1101 2664 1130 2712 ct
1150 2651 1243 2732 signis

108 2732 281 2790 distinxisset
313 2743 342 2788 et
366 2752 494 2809 unquam
521 2733 608 2791 lando
634 2735 761 2792 auditum
792 2743 882 2806 esset,
911 2751 1019 2809 corpus
1044 2728 1156 2790 Christi
1188 2737 1238 2786 aut

57 2808 59 2813 '
107 2807 279 2886 sangninem
300 2807 394 2864 Deum
416 2819 445 2865 et
471 2807 618 2866 hominem
638 2808 787 2887 appellari.
826 2807 905 2866 Sane
924 2811 947 2866 si
966 2806 1118 2898 des‘qqnare
1138 2824 1170 2864 se
1189 2814 1238 2862 to·

108 2893 172 2940 tum
187 2880 339 2953 voluisset,
359 2882 455 2940 dicere
472 2895 597 2960 poterat,
615 2905 667 2958 ego
685 2906 763 2956 sum,
782 2883 907 2962 qualiter
926 2881 1006 2962 loqui
1027 2905 1057 2941 ru
1077 2878 1239 2959 Scripturis

57 3028 58 3035 ἵ
109 2956 279 3029 consuevit,
308 2978 369 3017 non
402 2969 513 3029 autem,
544 2959 633 3031 „lloc
653 2972 698 3018 est
716 2981 823 3040 corpus
843 2980 957 3035 nucum,
987 2959 1033 3018 hic
1054 2970 1098 3018 est
1121 2953 1238 3037 sanguia

57 3040 59 3049 '
107 3039 221 3094 meus.“
259 3034 318 3092 Sed
343 3033 411 3092 fidei
435 3045 552 3092 nostrae
583 3036 742 3095 infirmitati
772 3056 943 3095 succurrere
967 3035 1087 3110 rolens,
1116 3033 1238 3094 calicem

107 3131 240 3172 seorsum
260 3131 275 3168 a
296 3131 370 3190 pane
390 3109 503 3183 statuit,
523 3123 556 3169 ut
575 3111 697 3187 doceat,
722 3133 753 3172 se
772 3112 808 3171 ad
832 3123 933 3191 potum
953 3134 1015 3171 non
1036 3110 1130 3171 ninus
1150 3129 1238 3190 quam

109 3188 207 3247 cibum
228 3186 372 3246 sulficere.
420 3188 506 3245 Nunc
530 3186 650 3247 tollatur
674 3210 739 3268 pars
762 3209 836 3262 una,
865 3189 984 3248 nonnisi
1009 3188 1158 3247 dimidium
1184 3185 1238 3245 ali·

108 3276 275 3323 mentorum
297 3265 326 3322 in
348 3284 383 3323 eo
405 3262 592 3342 reperiemus.
630 3265 712 3346 Ergo
732 3277 874 3324 utrerum
894 3265 942 3339 sit,
962 3265 1040 3344 quod
1061 3264 1240 3337 obtendunt,

106 3341 281 3420 sanguinem
302 3361 364 3399 esse
388 3340 417 3399 in
441 3360 515 3419 pane
538 3361 592 3419 per
615 3341 870 3402 concomitantiam
893 3353 923 3400 et
943 3362 1050 3420 corpus
1073 3363 1186 3400 rursum
1206 3340 1238 3397 iu
1263 3378 1269 3387 ·

110 3416 215 3491 calice,
247 3417 468 3476 confirmatione
495 3428 591 3476 tamen
616 3417 699 3492 fidei,
729 3440 815 3498 quam
838 3417 970 3478 Christus
990 3430 1024 3477 ut
1046 3417 1238 3476 necessariam

108 3492 212 3565 tradit,
238 3493 299 3570 pias
318 3494 426 3552 animas
448 3493 590 3553 fraudant.
629 3495 748 3575 ltaque,
768 3517 799 3555 ar
822 3496 888 3554 ntiis
905 3513 1009 3554 eorum
1030 3493 1126 3553 valere
1145 3492 1239 3568 iussis,

109 3570 263 3629 retinenda
283 3571 369 3629 uobis
390 3581 433 3629 est
452 3570 576 3646 utilitas,
597 3573 722 3651 quaein
743 3515 851 3651 duplici
871 3571 955 3641 arrha
974 3591 1008 3630 ex
1028 3569 1137 3631 Christi
1157 3567 1239 3629 ordi·

107 3647 231 3704 aratione
250 3647 420 3724 percipitur.

187 3727 233 3786 48.
273 3722 415 3800 Equidem
446 3723 524 3798 scio,
558 3723 683 3784 Satanae
702 3725 850 3784 ministros
877 3723 927 3800 (ut
950 3722 1085 3782 sollenne
1107 3722 1166 3782 illis
1184 3733 1240 3798 est,

109 3799 278 3876 Scripturas
298 3798 426 3858 ludibrio
447 3798 569 3876 habere)
590 3801 635 3859 hic
655 3801 834 3876 cavillari*).
876 3801 1005 3858 Primum
1026 3811 1188 3874 causantur,
1207 3817 1243 3860 ex

109 3876 235 3956 simplici
255 3874 333 3934 facto
355 3897 414 3933 non
436 3895 498 3934 csse
519 3876 680 3937 ducendam
700 3877 840 3959 regulam,
859 3899 915 3956 qua
937 3875 1057 3935 ecclesia
1077 3876 1113 3935 ad
1134 3896 1242 3969 perpe·

110 3967 192 4012 tuam
224 3950 459 4011 observationem
491 3952 649 4035 obligetur.
698 3957 740 4014 At
767 3952 965 4028 mentiuntur,
1000 3974 1089 4031 quum
1120 3956 1241 4030 simplex

110 4031 221 4090 sactum
241 4048 303 4088 csse
324 4029 437 4089 dicunt:
458 4031 653 4109 nequeenim
673 4031 802 4112 porrexit
820 4042 933 4091 tantum
953 4028 1072 4091 calicem
1095 4029 1241 4108 Christus,

117 4186 1243 4217 —d———ss-——w———q—-m

145 4240 150 4245 Ι
181 4279 209 4349 *)
226 4281 288 4334 Vid.
308 4276 378 4333 Calv.
394 4278 423 4332 iu
439 4281 511 4333 libell
530 4284 564 4335 de
581 4281 671 4335 Coena
687 4280 768 4335 Dum.
802 4281 868 4334 lasau
890 4284 1009 4337 adversus
1026 4280 1120 4335 Theoi.
1134 4278 1244 4343 Pariet-

116 4367 165 4404 ses.
198 4346 263 4402 item
280 4348 314 4401 de
330 4367 391 4402 vera
407 4349 529 4405 ecclesiae
544 4348 852 4444 reformabo—retiano.
959 4415 960 4418 Ἴ
1008 4364 1011 4370 ·
