<?xml version="1.0" encoding="UTF-8"?>
<!DOCTYPE html PUBLIC "-//W3C//DTD XHTML 1.0 Transitional//EN"
    "http://www.w3.org/TR/xhtml1/DTD/xhtml1-transitional.dtd">
<html xmlns="http://www.w3.org/1999/xhtml" xml:lang="en" lang="en">
 <head>
  <title>
</title>
<meta http-equiv="Content-Type" content="text/html;charset=utf-8" />
  <meta name='ocr-system' content='tesseract 3.04.00' />
  <meta name='ocr-capabilities' content='ocr_page ocr_carea ocr_par ocr_line ocrx_word'/>
</head>
<body>
  <div class='ocr_page' id='page_1' title='image "./ioanniscalvinii02tholgoog/ioanniscalvinii02tholgoog_0754.png"; bbox 0 0 2700 4732; ppageno 0'>
   <div class='ocr_carea' id='block_1_1' title="bbox 468 187 1258 275">
    <p class='ocr_par' dir='ltr' id='par_1_1' title="bbox 468 187 1258 275">
     <span class='ocr_line' id='line_1_1' title="bbox 468 187 1258 275; baseline 0.01 -26"><span class='ocrx_word' id='word_1_1' title='bbox 468 204 472 226; x_wconf 85' lang='lat'><strong>·</strong></span> <span class='ocrx_word' id='word_1_2' title='bbox 496 188 574 249; x_wconf 81' lang='lat' dir='ltr'>usu.</span> <span class='ocrx_word' id='word_1_3' title='bbox 594 188 648 248; x_wconf 84' lang='lat' dir='ltr'>tv.</span> <span class='ocrx_word' id='word_1_4' title='bbox 687 187 776 249; x_wconf 78' lang='lat' dir='ltr'>can</span> <span class='ocrx_word' id='word_1_5' title='bbox 796 187 885 275; x_wconf 82' lang='lat' dir='ltr'>vsu,</span> <span class='ocrx_word' id='word_1_6' title='bbox 1200 194 1258 257; x_wconf 77' lang='lat' dir='ltr'>aar</span> 
     </span>
    </p>
   </div>
   <div class='ocr_carea' id='block_1_2' title="bbox 91 330 1265 4365">
    <p class='ocr_par' dir='ltr' id='par_1_2' title="bbox 91 330 1265 4365">
     <span class='ocr_line' id='line_1_2' title="bbox 102 330 1265 413; baseline 0.003 -26"><span class='ocrx_word' id='word_1_7' title='bbox 102 332 301 411; x_wconf 35' lang='lat' dir='ltr'>,usamentum</span> <span class='ocrx_word' id='word_1_8' title='bbox 319 330 447 390; x_wconf 87' lang='lat' dir='ltr'>verltatis</span> <span class='ocrx_word' id='word_1_9' title='bbox 467 331 512 408; x_wconf 88' lang='lat' dir='ltr'>(l.·</span> <span class='ocrx_word' id='word_1_10' title='bbox 527 332 603 392; x_wconf 85' lang='lat' dir='ltr'><strong>Tim.</strong></span> <span class='ocrx_word' id='word_1_11' title='bbox 623 338 658 408; x_wconf 85' lang='lat'>3,</span> <span class='ocrx_word' id='word_1_12' title='bbox 677 334 772 409; x_wconf 60' lang='lat' dir='ltr'>m·</span> <span class='ocrx_word' id='word_1_13' title='bbox 803 334 912 392; x_wconf 87' lang='lat' dir='ltr'>Verum</span> <span class='ocrx_word' id='word_1_14' title='bbox 942 330 1043 410; x_wconf 88' lang='lat' dir='ltr'>priore</span> <span class='ocrx_word' id='word_1_15' title='bbox 1072 330 1141 391; x_wconf 90' lang='lat' dir='ltr'>loco</span> <span class='ocrx_word' id='word_1_16' title='bbox 1165 333 1265 413; x_wconf 69' lang='lat' dir='ltr'>magi·</span> 
     </span>
     <span class='ocr_line' id='line_1_3' title="bbox 124 405 1256 487; baseline 0 -22"><span class='ocrx_word' id='word_1_17' title='bbox 124 405 260 480; x_wconf 84' lang='lat' dir='ltr'>docetur,</span> <span class='ocrx_word' id='word_1_18' title='bbox 292 406 339 464; x_wconf 91' lang='lat' dir='ltr'>uid</span> <span class='ocrx_word' id='word_1_19' title='bbox 354 406 484 485; x_wconf 75' lang='lat' dir='ltr'><strong>quotidie</strong></span> <span class='ocrx_word' id='word_1_20' title='bbox 504 422 645 487; x_wconf 73' lang='lat' dir='ltr'>operetur</span> <span class='ocrx_word' id='word_1_21' title='bbox 663 410 692 469; x_wconf 95' lang='lat' dir='ltr'>in</span> <span class='ocrx_word' id='word_1_22' title='bbox 715 430 748 469; x_wconf 88' lang='lat' dir='ltr'>ea</span> <span class='ocrx_word' id='word_1_23' title='bbox 761 408 904 481; x_wconf 83' lang='lat' dir='ltr'>Christus,</span> <span class='ocrx_word' id='word_1_24' title='bbox 924 428 1010 487; x_wconf 86' lang='lat' dir='ltr'>quam</span> <span class='ocrx_word' id='word_1_25' title='bbox 1022 407 1092 487; x_wconf 84' lang='lat' dir='ltr'>quid</span> <span class='ocrx_word' id='word_1_26' title='bbox 1110 409 1167 467; x_wconf 90' lang='lat' dir='ltr'>iam</span> <span class='ocrx_word' id='word_1_27' title='bbox 1187 428 1256 486; x_wconf 90' lang='lat' dir='ltr'>per-</span> 
     </span>
     <span class='ocr_line' id='line_1_4' title="bbox 123 480 1254 563; baseline 0.003 -24"><span class='ocrx_word' id='word_1_28' title='bbox 123 480 237 551; x_wconf 79' lang='lat' dir='ltr'>fecerit.</span> <span class='ocrx_word' id='word_1_29' title='bbox 304 483 393 541; x_wconf 87' lang='lat' dir='ltr'>amsi</span> <span class='ocrx_word' id='word_1_30' title='bbox 413 503 513 543; x_wconf 90' lang='lat' dir='ltr'>omnes</span> <span class='ocrx_word' id='word_1_31' title='bbox 538 506 606 545; x_wconf 81' lang='lat' dir='ltr'>suos</span> <span class='ocrx_word' id='word_1_32' title='bbox 625 486 655 545; x_wconf 91' lang='lat' dir='ltr'>in</span> <span class='ocrx_word' id='word_1_33' title='bbox 677 486 738 545; x_wconf 89' lang='lat' dir='ltr'>dics</span> <span class='ocrx_word' id='word_1_34' title='bbox 757 484 933 557; x_wconf 83' lang='lat' dir='ltr'>sanctificat,</span> <span class='ocrx_word' id='word_1_35' title='bbox 959 484 1113 563; x_wconf 74' lang='lat' dir='ltr'>expurgat,</span> <span class='ocrx_word' id='word_1_36' title='bbox 1133 482 1254 561; x_wconf 90' lang='lat' dir='ltr'>expolit,</span> 
     </span>
     <span class='ocr_line' id='line_1_5' title="bbox 122 555 1252 638; baseline 0.004 -23"><span class='ocrx_word' id='word_1_37' title='bbox 122 555 241 616; x_wconf 82' lang='lat' dir='ltr'>maculis</span> <span class='ocrx_word' id='word_1_38' title='bbox 263 557 417 638; x_wconf 71' lang='lat' dir='ltr'>abstergit:</span> <span class='ocrx_word' id='word_1_39' title='bbox 443 572 523 619; x_wconf 87' lang='lat' dir='ltr'>certe</span> <span class='ocrx_word' id='word_1_40' title='bbox 542 562 635 621; x_wconf 88' lang='lat' dir='ltr'>adbuc</span> <span class='ocrx_word' id='word_1_41' title='bbox 655 560 756 622; x_wconf 81' lang='lat' dir='ltr'>naevit</span> <span class='ocrx_word' id='word_1_42' title='bbox 775 582 809 621; x_wconf 86' lang='lat' dir='ltr'>ae</span> <span class='ocrx_word' id='word_1_43' title='bbox 829 583 862 620; x_wconf 94' lang='lat' dir='ltr'>ru</span> <span class='ocrx_word' id='word_1_44' title='bbox 887 562 909 619; x_wconf 86' lang='lat' dir='ltr'>is</span> <span class='ocrx_word' id='word_1_45' title='bbox 929 559 1098 638; x_wconf 86' lang='lat' dir='ltr'>quibusdam</span> <span class='ocrx_word' id='word_1_46' title='bbox 1119 580 1148 617; x_wconf 86' lang='lat' dir='ltr'>as</span> <span class='ocrx_word' id='word_1_47' title='bbox 1172 579 1252 619; x_wconf 88' lang='lat' dir='ltr'>ersos</span> 
     </span>
     <span class='ocr_line' id='line_1_6' title="bbox 122 580 1249 712; baseline 0.002 -20"><span class='ocrx_word' id='word_1_48' title='bbox 122 652 200 706; x_wconf 83' lang='lat' dir='ltr'>esse,</span> <span class='ocrx_word' id='word_1_49' title='bbox 225 654 385 712; x_wconf 84' lang='lat' dir='ltr'>corumque</span> <span class='ocrx_word' id='word_1_50' title='bbox 403 636 627 697; x_wconf 85' lang='lat' dir='ltr'>sanctificationi</span> <span class='ocrx_word' id='word_1_51' title='bbox 648 638 747 698; x_wconf 83' lang='lat' dir='ltr'>deesse</span> <span class='ocrx_word' id='word_1_52' title='bbox 771 580 908 696; x_wconf 69' lang='lat' dir='ltr'>nonnibil</span> <span class='ocrx_word' id='word_1_53' title='bbox 929 646 1052 695; x_wconf 85' lang='lat' dir='ltr'>constat.</span> <span class='ocrx_word' id='word_1_54' title='bbox 1090 580 1249 695; x_wconf 86' lang='lat' dir='ltr'>Ecclesiam</span> 
     </span>
     <span class='ocr_line' id='line_1_7' title="bbox 121 712 1249 795; baseline 0.002 -28"><span class='ocrx_word' id='word_1_55' title='bbox 121 728 193 768; x_wconf 80' lang='lat' dir='ltr'>vero</span> <span class='ocrx_word' id='word_1_56' title='bbox 212 722 340 768; x_wconf 82' lang='lat' dir='ltr'>sanctam</span> <span class='ocrx_word' id='word_1_57' title='bbox 361 721 390 767; x_wconf 89' lang='lat' dir='ltr'>et</span> <span class='ocrx_word' id='word_1_58' title='bbox 411 712 619 772; x_wconf 88' lang='lat' dir='ltr'>immaculatam</span> <span class='ocrx_word' id='word_1_59' title='bbox 646 715 701 773; x_wconf 89' lang='lat' dir='ltr'>iam</span> <span class='ocrx_word' id='word_1_60' title='bbox 727 715 842 795; x_wconf 85' lang='lat' dir='ltr'>penitus</span> <span class='ocrx_word' id='word_1_61' title='bbox 867 734 902 772; x_wconf 92' lang='lat' dir='ltr'>ac</span> <span class='ocrx_word' id='word_1_62' title='bbox 921 713 1002 771; x_wconf 88' lang='lat' dir='ltr'>omni</span> <span class='ocrx_word' id='word_1_63' title='bbox 1022 722 1158 789; x_wconf 82' lang='lat' dir='ltr'>exparte</span> <span class='ocrx_word' id='word_1_64' title='bbox 1178 730 1249 769; x_wconf 87' lang='lat' dir='ltr'>cen·</span> 
     </span>
     <span class='ocr_line' id='line_1_8' title="bbox 120 786 1247 863; baseline 0.003 -20"><span class='ocrx_word' id='word_1_65' title='bbox 120 804 195 857; x_wconf 88' lang='lat' dir='ltr'>sere,</span> <span class='ocrx_word' id='word_1_66' title='bbox 215 786 296 845; x_wconf 86' lang='lat' dir='ltr'>cuius</span> <span class='ocrx_word' id='word_1_67' title='bbox 315 786 444 845; x_wconf 89' lang='lat' dir='ltr'>membra</span> <span class='ocrx_word' id='word_1_68' title='bbox 458 790 554 847; x_wconf 86' lang='lat' dir='ltr'>omnia</span> <span class='ocrx_word' id='word_1_69' title='bbox 575 790 719 863; x_wconf 82' lang='lat' dir='ltr'>maculosa</span> <span class='ocrx_word' id='word_1_70' title='bbox 740 802 771 849; x_wconf 83' lang='lat' dir='ltr'>et</span> <span class='ocrx_word' id='word_1_71' title='bbox 789 787 923 848; x_wconf 88' lang='lat' dir='ltr'>nonnihil</span> <span class='ocrx_word' id='word_1_72' title='bbox 944 789 981 846; x_wconf 90' lang='lat' dir='ltr'>im</span> <span class='ocrx_word' id='word_1_73' title='bbox 1024 808 1054 846; x_wconf 86' lang='lat' dir='ltr'>ra</span> <span class='ocrx_word' id='word_1_74' title='bbox 1074 786 1142 859; x_wconf 86' lang='lat' dir='ltr'>sint,</span> <span class='ocrx_word' id='word_1_75' title='bbox 1162 806 1247 863; x_wconf 84' lang='lat' dir='ltr'>quana</span> 
     </span>
     <span class='ocr_line' id='line_1_9' title="bbox 120 808 1247 945; baseline 0.004 -27"><span class='ocrx_word' id='word_1_76' title='bbox 120 860 208 919; x_wconf 88' lang='lat' dir='ltr'>inane</span> <span class='ocrx_word' id='word_1_77' title='bbox 228 883 261 920; x_wconf 88' lang='lat' dir='ltr'>ac</span> <span class='ocrx_word' id='word_1_78' title='bbox 282 861 446 923; x_wconf 81' lang='lat' dir='ltr'>fabulosum</span> <span class='ocrx_word' id='word_1_79' title='bbox 466 863 528 923; x_wconf 82' lang='lat' dir='ltr'>est?</span> <span class='ocrx_word' id='word_1_80' title='bbox 565 865 675 925; x_wconf 86' lang='lat' dir='ltr'>Verum</span> <span class='ocrx_word' id='word_1_81' title='bbox 698 878 742 926; x_wconf 88' lang='lat' dir='ltr'>est</span> <span class='ocrx_word' id='word_1_82' title='bbox 762 867 867 945; x_wconf 83' lang='lat' dir='ltr'>igitur,</span> <span class='ocrx_word' id='word_1_83' title='bbox 890 808 1094 924; x_wconf 71' lang='lat' dir='ltr'>sanctildatam</span> <span class='ocrx_word' id='word_1_84' title='bbox 1116 882 1177 921; x_wconf 85' lang='lat' dir='ltr'>esse</span> <span class='ocrx_word' id='word_1_85' title='bbox 1199 883 1247 922; x_wconf 90' lang='lat' dir='ltr'>ec-</span> 
     </span>
     <span class='ocr_line' id='line_1_10' title="bbox 119 934 1247 1002; baseline 0.003 -8"><span class='ocrx_word' id='word_1_86' title='bbox 119 934 235 995; x_wconf 83' lang='lat' dir='ltr'>clesiam</span> <span class='ocrx_word' id='word_1_87' title='bbox 255 958 271 995; x_wconf 87' lang='lat' dir='ltr'>a</span> <span class='ocrx_word' id='word_1_88' title='bbox 292 937 425 998; x_wconf 83' lang='lat' dir='ltr'>Christo:</span> <span class='ocrx_word' id='word_1_89' title='bbox 450 941 559 999; x_wconf 88' lang='lat' dir='ltr'>ateius</span> <span class='ocrx_word' id='word_1_90' title='bbox 584 942 816 1002; x_wconf 82' lang='lat' dir='ltr'>sanctificationis</span> <span class='ocrx_word' id='word_1_91' title='bbox 837 942 952 1000; x_wconf 93' lang='lat' dir='ltr'>initium</span> <span class='ocrx_word' id='word_1_92' title='bbox 979 939 1025 998; x_wconf 80' lang='lat' dir='ltr'>laic</span> <span class='ocrx_word' id='word_1_93' title='bbox 1050 940 1187 997; x_wconf 77' lang='lat' dir='ltr'>duntaxat</span> <span class='ocrx_word' id='word_1_94' title='bbox 1205 938 1247 997; x_wconf 81' lang='lat' dir='ltr'>vi·</span> 
     </span>
     <span class='ocr_line' id='line_1_11' title="bbox 119 1011 1246 1097; baseline 0.003 -26"><span class='ocrx_word' id='word_1_95' title='bbox 119 1011 206 1071; x_wconf 84' lang='lat' dir='ltr'>situr:</span> <span class='ocrx_word' id='word_1_96' title='bbox 232 1012 296 1072; x_wconf 81' lang='lat' dir='ltr'>finis</span> <span class='ocrx_word' id='word_1_97' title='bbox 315 1033 386 1072; x_wconf 87' lang='lat' dir='ltr'>vero</span> <span class='ocrx_word' id='word_1_98' title='bbox 408 1027 438 1073; x_wconf 86' lang='lat' dir='ltr'>et</span> <span class='ocrx_word' id='word_1_99' title='bbox 455 1015 579 1075; x_wconf 87' lang='lat' dir='ltr'>solidum</span> <span class='ocrx_word' id='word_1_100' title='bbox 600 1017 847 1097; x_wconf 75' lang='lat' dir='ltr'>complementum</span> <span class='ocrx_word' id='word_1_101' title='bbox 868 1015 1001 1087; x_wconf 80' lang='lat' dir='ltr'>exstabit,</span> <span class='ocrx_word' id='word_1_102' title='bbox 1022 1036 1110 1092; x_wconf 91' lang='lat' dir='ltr'>quum</span> <span class='ocrx_word' id='word_1_103' title='bbox 1122 1015 1246 1074; x_wconf 69' lang='lat' dir='ltr'>Sardus</span> 
     </span>
     <span class='ocr_line' id='line_1_12' title="bbox 118 1089 1245 1169; baseline 0.004 -24"><span class='ocrx_word' id='word_1_104' title='bbox 118 1100 287 1147; x_wconf 84' lang='lat' dir='ltr'>sanctorum</span> <span class='ocrx_word' id='word_1_105' title='bbox 299 1089 429 1149; x_wconf 82' lang='lat' dir='ltr'>Christus</span> <span class='ocrx_word' id='word_1_106' title='bbox 448 1113 498 1149; x_wconf 90' lang='lat' dir='ltr'>sua</span> <span class='ocrx_word' id='word_1_107' title='bbox 519 1113 580 1152; x_wconf 87' lang='lat' dir='ltr'>earn</span> <span class='ocrx_word' id='word_1_108' title='bbox 600 1096 752 1154; x_wconf 74' lang='lat' dir='ltr'>sanctitate</span> <span class='ocrx_word' id='word_1_109' title='bbox 771 1114 839 1153; x_wconf 85' lang='lat' dir='ltr'>vere</span> <span class='ocrx_word' id='word_1_110' title='bbox 859 1104 887 1151; x_wconf 92' lang='lat' dir='ltr'>et</span> <span class='ocrx_word' id='word_1_111' title='bbox 909 1094 937 1151; x_wconf 90' lang='lat' dir='ltr'>in</span> <span class='ocrx_word' id='word_1_112' title='bbox 957 1091 1083 1151; x_wconf 87' lang='lat' dir='ltr'>solidum</span> <span class='ocrx_word' id='word_1_113' title='bbox 1102 1089 1245 1169; x_wconf 83' lang='lat' dir='ltr'>implebit.</span> 
     </span>
     <span class='ocr_line' id='line_1_13' title="bbox 120 1163 1246 1248; baseline 0.004 -28"><span class='ocrx_word' id='word_1_114' title='bbox 120 1163 231 1223; x_wconf 80' lang='lat' dir='ltr'>Verum</span> <span class='ocrx_word' id='word_1_115' title='bbox 252 1177 295 1223; x_wconf 89' lang='lat' dir='ltr'>est</span> <span class='ocrx_word' id='word_1_116' title='bbox 316 1166 401 1223; x_wconf 88' lang='lat' dir='ltr'>etiam</span> <span class='ocrx_word' id='word_1_117' title='bbox 426 1166 535 1227; x_wconf 86' lang='lat' dir='ltr'>deletas</span> <span class='ocrx_word' id='word_1_118' title='bbox 562 1189 623 1229; x_wconf 88' lang='lat' dir='ltr'>esse</span> <span class='ocrx_word' id='word_1_119' title='bbox 636 1171 711 1229; x_wconf 82' lang='lat' dir='ltr'>&#39;eius</span> <span class='ocrx_word' id='word_1_120' title='bbox 726 1169 861 1229; x_wconf 80' lang='lat' dir='ltr'>maculas</span> <span class='ocrx_word' id='word_1_121' title='bbox 887 1178 918 1226; x_wconf 85' lang='lat' dir='ltr'>&#39;et</span> <span class='ocrx_word' id='word_1_122' title='bbox 946 1182 1047 1248; x_wconf 67' lang='lat' dir='ltr'>rugas!</span> <span class='ocrx_word' id='word_1_123' title='bbox 1068 1166 1133 1227; x_wconf 80' lang='lat' dir='ltr'>&#39;sed</span> <span class='ocrx_word' id='word_1_124' title='bbox 1153 1168 1193 1225; x_wconf 86' lang='lat' dir='ltr'>ita</span> <span class='ocrx_word' id='word_1_125' title='bbox 1212 1176 1246 1225; x_wconf 93' lang='lat' dir='ltr'>ut</span> 
     </span>
     <span class='ocr_line' id='line_1_14' title="bbox 120 1239 1245 1321; baseline 0.003 -24"><span class='ocrx_word' id='word_1_126' title='bbox 120 1239 254 1318; x_wconf 79' lang='lat' dir='ltr'>quotidie</span> <span class='ocrx_word' id='word_1_127' title='bbox 273 1241 366 1300; x_wconf 88' lang='lat' dir='ltr'>adhuc</span> <span class='ocrx_word' id='word_1_128' title='bbox 391 1241 555 1317; x_wconf 89' lang='lat' dir='ltr'>deleantur,</span> <span class='ocrx_word' id='word_1_129' title='bbox 585 1245 679 1304; x_wconf 86' lang='lat' dir='ltr'>donec</span> <span class='ocrx_word' id='word_1_130' title='bbox 710 1267 764 1304; x_wconf 85' lang='lat' dir='ltr'>suo</span> <span class='ocrx_word' id='word_1_131' title='bbox 794 1246 922 1305; x_wconf 86' lang='lat' dir='ltr'>adventu</span> <span class='ocrx_word' id='word_1_132' title='bbox 942 1243 1075 1304; x_wconf 78' lang='lat' dir='ltr'>Christus</span> <span class='ocrx_word' id='word_1_133' title='bbox 1106 1241 1245 1321; x_wconf 86' lang='lat' dir='ltr'>quicquid</span> 
     </span>
     <span class='ocr_line' id='line_1_15' title="bbox 116 1315 1245 1396; baseline 0.006 -24"><span class='ocrx_word' id='word_1_134' title='bbox 116 1315 265 1374; x_wconf 87' lang='lat' dir='ltr'>residuum</span> <span class='ocrx_word' id='word_1_135' title='bbox 286 1329 329 1376; x_wconf 90' lang='lat' dir='ltr'>est</span> <span class='ocrx_word' id='word_1_136' title='bbox 354 1319 469 1394; x_wconf 87' lang='lat' dir='ltr'>penitus</span> <span class='ocrx_word' id='word_1_137' title='bbox 495 1322 616 1380; x_wconf 78' lang='lat' dir='ltr'>auferat.</span> <span class='ocrx_word' id='word_1_138' title='bbox 659 1321 723 1383; x_wconf 86' lang='lat' dir='ltr'>Nisi</span> <span class='ocrx_word' id='word_1_139' title='bbox 750 1322 827 1379; x_wconf 89' lang='lat' dir='ltr'>euim</span> <span class='ocrx_word' id='word_1_140' title='bbox 853 1321 909 1379; x_wconf 89' lang='lat' dir='ltr'>hoc</span> <span class='ocrx_word' id='word_1_141' title='bbox 933 1320 1103 1396; x_wconf 77' lang='lat' dir='ltr'>recipimus,</span> <span class='ocrx_word' id='word_1_142' title='bbox 1126 1336 1245 1379; x_wconf 87' lang='lat' dir='ltr'>necesse</span> 
     </span>
     <span class='ocr_line' id='line_1_16' title="bbox 117 1390 1245 1476; baseline 0.006 -28"><span class='ocrx_word' id='word_1_143' title='bbox 117 1390 176 1449; x_wconf 82' lang='lat' dir='ltr'>erit</span> <span class='ocrx_word' id='word_1_144' title='bbox 193 1402 227 1473; x_wconf 73' lang='lat' dir='ltr'>ut</span> <span class='ocrx_word' id='word_1_145' title='bbox 245 1414 309 1451; x_wconf 90' lang='lat' dir='ltr'>cum</span> <span class='ocrx_word' id='word_1_146' title='bbox 329 1393 493 1475; x_wconf 83' lang='lat' dir='ltr'>Pelagianis</span> <span class='ocrx_word' id='word_1_147' title='bbox 513 1416 681 1469; x_wconf 79' lang='lat' dir='ltr'>asseramus,</span> <span class='ocrx_word' id='word_1_148' title='bbox 700 1398 867 1476; x_wconf 82' lang='lat' dir='ltr'>perfectam.</span> <span class='ocrx_word' id='word_1_149' title='bbox 879 1414 941 1457; x_wconf 89' lang='lat' dir='ltr'>esse</span> <span class='ocrx_word' id='word_1_150' title='bbox 960 1395 1088 1455; x_wconf 84' lang='lat' dir='ltr'>fidelium</span> <span class='ocrx_word' id='word_1_151' title='bbox 1106 1392 1245 1455; x_wconf 82' lang='lat' dir='ltr'>iustitiam</span> 
     </span>
     <span class='ocr_line' id='line_1_17' title="bbox 117 1466 1245 1539; baseline 0.002 -14"><span class='ocrx_word' id='word_1_152' title='bbox 117 1466 149 1525; x_wconf 82' lang='lat' dir='ltr'>in</span> <span class='ocrx_word' id='word_1_153' title='bbox 168 1466 222 1526; x_wconf 86' lang='lat' dir='ltr'>bac</span> <span class='ocrx_word' id='word_1_154' title='bbox 242 1469 313 1527; x_wconf 75' lang='lat' dir='ltr'>vitaz</span> <span class='ocrx_word' id='word_1_155' title='bbox 334 1470 551 1531; x_wconf 74' lang='lat' dir='ltr'>cum&#39;Catharis</span> <span class='ocrx_word' id='word_1_156' title='bbox 571 1485 609 1539; x_wconf 75' lang='lat' dir='ltr'>et¹</span> <span class='ocrx_word' id='word_1_157' title='bbox 619 1472 783 1533; x_wconf 86' lang='lat' dir='ltr'>Donatistis</span> <span class='ocrx_word' id='word_1_158' title='bbox 802 1472 959 1537; x_wconf 73' lang='lat' dir='ltr'>null&#39;amin</span> <span class='ocrx_word' id='word_1_159' title='bbox 981 1470 1103 1531; x_wconf 83' lang='lat' dir='ltr'>eeclesia</span> <span class='ocrx_word' id='word_1_160' title='bbox 1123 1469 1245 1528; x_wconf 78' lang='lat' dir='ltr'>infirmi·</span> 
     </span>
     <span class='ocr_line' id='line_1_18' title="bbox 114 1542 1243 1625; baseline 0.002 -24"><span class='ocrx_word' id='word_1_161' title='bbox 114 1552 207 1602; x_wconf 84' lang='lat' dir='ltr'>tatem</span> <span class='ocrx_word' id='word_1_162' title='bbox 226 1542 359 1603; x_wconf 79' lang='lat' dir='ltr'>feramus</span> <span class='ocrx_word' id='word_1_163' title='bbox 378 1579 417 1592; x_wconf 96' lang='lat'>-</span> <span class='ocrx_word' id='word_1_164' title='bbox 439 1545 525 1605; x_wconf 80' lang='lat' dir='ltr'>Alter</span> <span class='ocrx_word' id='word_1_165' title='bbox 535 1548 625 1622; x_wconf 89' lang='lat' dir='ltr'>locus,</span> <span class='ocrx_word' id='word_1_166' title='bbox 645 1549 758 1608; x_wconf 82' lang='lat' dir='ltr'>utalibi</span> <span class='ocrx_word' id='word_1_167' title='bbox 769 1549 890 1619; x_wconf 74' lang='lat' dir='ltr'>uidimus</span> <span class='ocrx_word' id='word_1_168' title='bbox 901 1550 978 1625; x_wconf 84' lang='lat' dir='ltr'>(cap.</span> <span class='ocrx_word' id='word_1_169' title='bbox 990 1555 1017 1609; x_wconf 83' lang='lat'>1.</span> <span class='ocrx_word' id='word_1_170' title='bbox 1030 1568 1051 1607; x_wconf 84' lang='lat' dir='ltr'>s·</span> <span class='ocrx_word' id='word_1_171' title='bbox 1062 1547 1136 1621; x_wconf 75' lang='lat' dir='ltr'>au),</span> <span class='ocrx_word' id='word_1_172' title='bbox 1176 1565 1243 1604; x_wconf 90' lang='lat' dir='ltr'>ror-</span> 
     </span>
     <span class='ocr_line' id='line_1_19' title="bbox 115 1566 1244 1702; baseline 0.004 -26"><span class='ocrx_word' id='word_1_173' title='bbox 115 1638 166 1677; x_wconf 82' lang='lat' dir='ltr'>eus</span> <span class='ocrx_word' id='word_1_174' title='bbox 189 1619 275 1678; x_wconf 87' lang='lat' dir='ltr'>alium</span> <span class='ocrx_word' id='word_1_175' title='bbox 302 1620 388 1680; x_wconf 84' lang='lat' dir='ltr'>habet</span> <span class='ocrx_word' id='word_1_176' title='bbox 412 1643 528 1682; x_wconf 90' lang='lat' dir='ltr'>sensum</span> <span class='ocrx_word' id='word_1_177' title='bbox 549 1645 634 1702; x_wconf 91' lang='lat' dir='ltr'>quam</span> <span class='ocrx_word' id='word_1_178' title='bbox 660 1625 827 1684; x_wconf 86' lang='lat' dir='ltr'>intendunt.</span> <span class='ocrx_word' id='word_1_179' title='bbox 841 1650 854 1661; x_wconf 61' lang='lat'>¹·</span> <span class='ocrx_word' id='word_1_180' title='bbox 875 1623 934 1683; x_wconf 88' lang='lat' dir='ltr'>Ubi</span> <span class='ocrx_word' id='word_1_181' title='bbox 953 1623 1031 1681; x_wconf 84' lang='lat' dir='ltr'>enim</span> <span class='ocrx_word' id='word_1_182' title='bbox 1052 1566 1244 1681; x_wconf 75' lang='lat' dir='ltr'>Timotbeum</span> 
     </span>
     <span class='ocr_line' id='line_1_20' title="bbox 114 1694 1242 1780; baseline 0.003 -28"><span class='ocrx_word' id='word_1_183' title='bbox 114 1694 244 1754; x_wconf 84' lang='lat' dir='ltr'>instituit</span> <span class='ocrx_word' id='word_1_184' title='bbox 262 1696 386 1771; x_wconf 90' lang='lat' dir='ltr'>Paulus,</span> <span class='ocrx_word' id='word_1_185' title='bbox 410 1710 440 1756; x_wconf 91' lang='lat' dir='ltr'>et</span> <span class='ocrx_word' id='word_1_186' title='bbox 458 1700 494 1756; x_wconf 92' lang='lat' dir='ltr'>ad</span> <span class='ocrx_word' id='word_1_187' title='bbox 513 1721 615 1759; x_wconf 85' lang='lat' dir='ltr'>verum</span> <span class='ocrx_word' id='word_1_188' title='bbox 641 1702 770 1780; x_wconf 78' lang='lat' dir='ltr'>episcopi</span> <span class='ocrx_word' id='word_1_189' title='bbox 791 1700 921 1771; x_wconf 78' lang='lat' dir='ltr'>officium</span> <span class='ocrx_word' id='word_1_190' title='bbox 947 1696 1193 1770; x_wconf 61' lang='lat' dir='ltr'>formavitp-dieit</span> <span class='ocrx_word' id='word_1_191' title='bbox 1209 1714 1242 1757; x_wconf 84' lang='lat' dir='ltr'>te</span> 
     </span>
     <span class='ocr_line' id='line_1_21' title="bbox 114 1769 1242 1855; baseline 0.002 -26"><span class='ocrx_word' id='word_1_192' title='bbox 114 1769 184 1830; x_wconf 88' lang='lat' dir='ltr'>ideo</span> <span class='ocrx_word' id='word_1_193' title='bbox 205 1771 317 1844; x_wconf 85' lang='lat' dir='ltr'>secisse,</span> <span class='ocrx_word' id='word_1_194' title='bbox 337 1786 369 1832; x_wconf 92' lang='lat' dir='ltr'>ut</span> <span class='ocrx_word' id='word_1_195' title='bbox 387 1775 459 1834; x_wconf 85' lang='lat' dir='ltr'>sciat</span> <span class='ocrx_word' id='word_1_196' title='bbox 477 1775 625 1855; x_wconf 78' lang='lat' dir='ltr'>„qualiter</span> <span class='ocrx_word' id='word_1_197' title='bbox 644 1789 781 1855; x_wconf 85' lang='lat' dir='ltr'>oporteat</span> <span class='ocrx_word' id='word_1_198' title='bbox 800 1777 893 1855; x_wconf 85' lang='lat' dir='ltr'>ipsum</span> <span class='ocrx_word' id='word_1_199' title='bbox 912 1774 1021 1837; x_wconf 84' lang='lat' dir='ltr'>versari</span> <span class='ocrx_word' id='word_1_200' title='bbox 1039 1774 1079 1833; x_wconf 85' lang='lat' dir='ltr'>in¹</span> <span class='ocrx_word' id='word_1_201' title='bbox 1091 1772 1242 1832; x_wconf 82' lang='lat' dir='ltr'>ecclesia.“</span> 
     </span>
     <span class='ocr_line' id='line_1_22' title="bbox 114 1847 1243 1938; baseline 0 -32"><span class='ocrx_word' id='word_1_202' title='bbox 114 1847 163 1906; x_wconf 76' lang='lat' dir='ltr'>Ac</span> <span class='ocrx_word' id='word_1_203' title='bbox 182 1868 245 1938; x_wconf 79' lang='lat' dir='ltr'>quo·</span> <span class='ocrx_word' id='word_1_204' title='bbox 260 1850 534 1932; x_wconf 78' lang='lat' dir='ltr'>maiorereligione&#39;</span> <span class='ocrx_word' id='word_1_205' title='bbox 552 1864 583 1911; x_wconf 87' lang='lat' dir='ltr'>et</span> <span class='ocrx_word' id='word_1_206' title='bbox 601 1853 749 1911; x_wconf 84' lang='lat' dir='ltr'>studio-in</span> <span class='ocrx_word' id='word_1_207' title='bbox 764 1873 824 1912; x_wconf 91' lang='lat' dir='ltr'>eam</span> <span class='ocrx_word' id='word_1_208' title='bbox 845 1872 906 1911; x_wconf 87' lang='lat' dir='ltr'>rem</span> <span class='ocrx_word' id='word_1_209' title='bbox 926 1854 1056 1912; x_wconf 90' lang='lat' dir='ltr'>intentus</span> <span class='ocrx_word' id='word_1_210' title='bbox 1068 1859 1152 1919; x_wconf 77' lang='lat' dir='ltr'>esset,</span> <span class='ocrx_word' id='word_1_211' title='bbox 1171 1848 1243 1907; x_wconf 88' lang='lat' dir='ltr'>sub·</span> 
     </span>
     <span class='ocr_line' id='line_1_23' title="bbox 113 1921 1242 2017; baseline 0.002 -35"><span class='ocrx_word' id='word_1_212' title='bbox 113 1921 211 2017; x_wconf 69' lang='lat' dir='ltr'>iungit</span> <span class='ocrx_word' id='word_1_213' title='bbox 230 1924 380 1985; x_wconf 84' lang='lat' dir='ltr'>ecelesiam</span> <span class='ocrx_word' id='word_1_214' title='bbox 404 1927 494 2007; x_wconf 90' lang='lat' dir='ltr'>ipsam</span> <span class='ocrx_word' id='word_1_215' title='bbox 520 1948 581 1987; x_wconf 90' lang='lat' dir='ltr'>csse</span> <span class='ocrx_word' id='word_1_216' title='bbox 603 1929 766 1988; x_wconf 86' lang='lat' dir='ltr'>columnam</span> <span class='ocrx_word' id='word_1_217' title='bbox 792 1950 826 1989; x_wconf 84' lang='lat' dir='ltr'>ae</span> <span class='ocrx_word' id='word_1_218' title='bbox 847 1926 1078 1987; x_wconf 82' lang='lat' dir='ltr'>stabilimentum</span> <span class='ocrx_word' id='word_1_219' title='bbox 1102 1923 1242 1984; x_wconf 81' lang='lat' dir='ltr'>veritatis-</span> 
     </span>
     <span class='ocr_line' id='line_1_24' title="bbox 116 1999 1242 2083; baseline 0.001 -26"><span class='ocrx_word' id='word_1_220' title='bbox 116 1999 198 2073; x_wconf 81' lang='lat' dir='ltr'>Qurd</span> <span class='ocrx_word' id='word_1_221' title='bbox 218 2013 313 2060; x_wconf 88' lang='lat' dir='ltr'>autem</span> <span class='ocrx_word' id='word_1_222' title='bbox 335 2002 412 2062; x_wconf 87' lang='lat' dir='ltr'>aliud</span> <span class='ocrx_word' id='word_1_223' title='bbox 431 2003 487 2062; x_wconf 89' lang='lat' dir='ltr'>sibi</span> <span class='ocrx_word' id='word_1_224' title='bbox 502 2004 604 2062; x_wconf 85' lang='lat' dir='ltr'>volunt</span> <span class='ocrx_word' id='word_1_225' title='bbox 624 2005 804 2076; x_wconf 85' lang='lat' dir='ltr'>haeeverba,</span> <span class='ocrx_word' id='word_1_226' title='bbox 823 2025 908 2083; x_wconf 83' lang='lat' dir='ltr'>quam</span> <span class='ocrx_word' id='word_1_227' title='bbox 929 2004 959 2063; x_wconf 92' lang='lat' dir='ltr'>iu</span> <span class='ocrx_word' id='word_1_228' title='bbox 981 2001 1100 2063; x_wconf 87' lang='lat' dir='ltr'>eeclesia</span> <span class='ocrx_word' id='word_1_229' title='bbox 1121 2019 1242 2059; x_wconf 86' lang='lat' dir='ltr'>conser-</span> 
     </span>
     <span class='ocr_line' id='line_1_25' title="bbox 112 2076 1241 2213; baseline 0 -78"><span class='ocrx_word' id='word_1_230' title='bbox 112 2077 179 2135; x_wconf 74' lang='lat' dir='ltr'>vari</span> <span class='ocrx_word' id='word_1_231' title='bbox 188 2076 246 2136; x_wconf 88' lang='lat' dir='ltr'>Dei</span> <span class='ocrx_word' id='word_1_232' title='bbox 265 2078 428 2151; x_wconf 76' lang='lat' dir='ltr'>veritatem,</span> <span class='ocrx_word' id='word_1_233' title='bbox 446 2081 673 2160; x_wconf 80' lang='lat' dir='ltr'>praedicationis</span> <span class='ocrx_word' id='word_1_234' title='bbox 689 2081 804 2141; x_wconf 87' lang='lat' dir='ltr'>scilicet·</span> <span class='ocrx_word' id='word_1_235' title='bbox 820 2078 1000 2139; x_wconf 77' lang='lat' dir='ltr'>ministerio?</span> <span class='ocrx_word' id='word_1_236' title='bbox 1039 2076 1241 2213; x_wconf 55' lang='lat' dir='ltr'>quemadmo-</span> 
     </span>
     <span class='ocr_line' id='line_1_26' title="bbox 114 2151 1242 2234; baseline -0.001 -23"><span class='ocrx_word' id='word_1_237' title='bbox 114 2151 184 2211; x_wconf 86' lang='lat' dir='ltr'>dum</span> <span class='ocrx_word' id='word_1_238' title='bbox 204 2152 272 2211; x_wconf 86' lang='lat' dir='ltr'>alibi</span> <span class='ocrx_word' id='word_1_239' title='bbox 289 2154 380 2214; x_wconf 87' lang='lat' dir='ltr'>docet</span> <span class='ocrx_word' id='word_1_240' title='bbox 399 2155 488 2234; x_wconf 72' lang='lat' dir='ltr'>(Epa.</span> <span class='ocrx_word' id='word_1_241' title='bbox 507 2164 538 2229; x_wconf 80' lang='lat' dir='ltr'>d,</span> <span class='ocrx_word' id='word_1_242' title='bbox 558 2159 629 2230; x_wconf 66' lang='lat' dir='ltr'>ll),</span> <span class='ocrx_word' id='word_1_243' title='bbox 652 2156 800 2217; x_wconf 78' lang='lat' dir='ltr'>Christum</span> <span class='ocrx_word' id='word_1_244' title='bbox 822 2156 933 2215; x_wconf 83' lang='lat' dir='ltr'>dedisse</span> <span class='ocrx_word' id='word_1_245' title='bbox 944 2155 1059 2233; x_wconf 73' lang='lat' dir='ltr'>Aposto</span> <span class='ocrx_word' id='word_1_246' title='bbox 1073 2174 1117 2225; x_wconf 87' lang='lat' dir='ltr'>os,</span> <span class='ocrx_word' id='word_1_247' title='bbox 1134 2152 1242 2211; x_wconf 86' lang='lat' dir='ltr'>Pasto-</span> 
     </span>
     <span class='ocr_line' id='line_1_27' title="bbox 112 2228 1242 2308; baseline -0.001 -21"><span class='ocrx_word' id='word_1_248' title='bbox 112 2248 172 2302; x_wconf 81' lang='lat' dir='ltr'>res,</span> <span class='ocrx_word' id='word_1_249' title='bbox 191 2231 446 2308; x_wconf 85' lang='lat' dir='ltr'>atquelloctores,</span> <span class='ocrx_word' id='word_1_250' title='bbox 467 2253 504 2291; x_wconf 91' lang='lat' dir='ltr'>ne</span> <span class='ocrx_word' id='word_1_251' title='bbox 523 2254 567 2290; x_wconf 89' lang='lat' dir='ltr'>am</span> <span class='ocrx_word' id='word_1_252' title='bbox 589 2233 644 2291; x_wconf 90' lang='lat' dir='ltr'>lius</span> <span class='ocrx_word' id='word_1_253' title='bbox 665 2234 903 2293; x_wconf 77' lang='lat' dir='ltr'>circumferamur</span> <span class='ocrx_word' id='word_1_254' title='bbox 943 2230 1056 2293; x_wconf 88' lang='lat' dir='ltr'>uolibet</span> <span class='ocrx_word' id='word_1_255' title='bbox 1076 2238 1164 2288; x_wconf 87' lang='lat' dir='ltr'>vento</span> <span class='ocrx_word' id='word_1_256' title='bbox 1186 2228 1242 2287; x_wconf 86' lang='lat' dir='ltr'>do·</span> 
     </span>
     <span class='ocr_line' id='line_1_28' title="bbox 112 2253 1242 2387; baseline 0 -24"><span class='ocrx_word' id='word_1_257' title='bbox 112 2305 236 2378; x_wconf 76' lang='lat' dir='ltr'>ctrlnae,</span> <span class='ocrx_word' id='word_1_258' title='bbox 255 2319 306 2366; x_wconf 92' lang='lat' dir='ltr'>aut</span> <span class='ocrx_word' id='word_1_259' title='bbox 324 2307 359 2366; x_wconf 87' lang='lat' dir='ltr'>ab</span> <span class='ocrx_word' id='word_1_260' title='bbox 381 2306 547 2367; x_wconf 84' lang='lat' dir='ltr'>homiuibus</span> <span class='ocrx_word' id='word_1_261' title='bbox 568 2256 753 2369; x_wconf 78' lang='lat' dir='ltr'>deludamur:</span> <span class='ocrx_word' id='word_1_262' title='bbox 772 2309 910 2368; x_wconf 78' lang='lat' dir='ltr'>sedvera</span> <span class='ocrx_word' id='word_1_263' title='bbox 922 2253 1057 2366; x_wconf 77' lang='lat' dir='ltr'>lliliillei</span> <span class='ocrx_word' id='word_1_264' title='bbox 1069 2304 1242 2387; x_wconf 80' lang='lat' dir='ltr'>cognitio‘ne</span> 
     </span>
     <span class='ocr_line' id='line_1_29' title="bbox 109 2378 1242 2460; baseline 0 -22"><span class='ocrx_word' id='word_1_265' title='bbox 109 2378 279 2456; x_wconf 87' lang='lat' dir='ltr'>illuminati,</span> <span class='ocrx_word' id='word_1_266' title='bbox 300 2404 401 2442; x_wconf 89' lang='lat' dir='ltr'>omnes</span> <span class='ocrx_word' id='word_1_267' title='bbox 420 2384 505 2443; x_wconf 90' lang='lat' dir='ltr'>simul</span> <span class='ocrx_word' id='word_1_268' title='bbox 524 2406 711 2446; x_wconf 86' lang='lat' dir='ltr'>occurramus</span> <span class='ocrx_word' id='word_1_269' title='bbox 728 2387 758 2444; x_wconf 92' lang='lat' dir='ltr'>in</span> <span class='ocrx_word' id='word_1_270' title='bbox 780 2384 848 2443; x_wconf 79' lang='lat' dir='ltr'>fidei</span> <span class='ocrx_word' id='word_1_271' title='bbox 868 2385 1017 2443; x_wconf 85' lang='lat' dir='ltr'>unitatem.</span> <span class='ocrx_word' id='word_1_272' title='bbox 1056 2379 1147 2455; x_wconf 81' lang='lat' dir='ltr'>Quod</span> <span class='ocrx_word' id='word_1_273' title='bbox 1167 2398 1242 2460; x_wconf 84' lang='lat' dir='ltr'>ergo</span> 
     </span>
     <span class='ocr_line' id='line_1_30' title="bbox 113 2454 1241 2539; baseline -0.002 -24"><span class='ocrx_word' id='word_1_274' title='bbox 113 2476 179 2515; x_wconf 74' lang='lat' dir='ltr'>rm</span> <span class='ocrx_word' id='word_1_275' title='bbox 198 2459 389 2539; x_wconf 74' lang='lat' dir='ltr'>exstinguitur</span> <span class='ocrx_word' id='word_1_276' title='bbox 408 2459 437 2517; x_wconf 96' lang='lat' dir='ltr'>in</span> <span class='ocrx_word' id='word_1_277' title='bbox 458 2461 567 2518; x_wconf 88' lang='lat' dir='ltr'>mundo</span> <span class='ocrx_word' id='word_1_278' title='bbox 588 2463 708 2536; x_wconf 88' lang='lat' dir='ltr'>veritas,</span> <span class='ocrx_word' id='word_1_279' title='bbox 732 2461 783 2521; x_wconf 87' lang='lat' dir='ltr'>sed</span> <span class='ocrx_word' id='word_1_280' title='bbox 803 2454 878 2520; x_wconf 81' lang='lat' dir='ltr'>salv&#39;a</span> <span class='ocrx_word' id='word_1_281' title='bbox 902 2470 1028 2539; x_wconf 83' lang='lat' dir='ltr'>perstat,</span> <span class='ocrx_word' id='word_1_282' title='bbox 1052 2458 1082 2518; x_wconf 90' lang='lat' dir='ltr'>id</span> <span class='ocrx_word' id='word_1_283' title='bbox 1107 2456 1141 2519; x_wconf 84' lang='lat' dir='ltr'>fit</span> <span class='ocrx_word' id='word_1_284' title='bbox 1156 2455 1241 2535; x_wconf 84' lang='lat' dir='ltr'>¹quod</span> 
     </span>
     <span class='ocr_line' id='line_1_31' title="bbox 111 2531 1241 2628; baseline -0.001 -37"><span class='ocrx_word' id='word_1_285' title='bbox 111 2531 306 2609; x_wconf 25' lang='lat' dir='ltr'>lidamllrabet</span> <span class='ocrx_word' id='word_1_286' title='bbox 327 2536 475 2594; x_wconf 85' lang='lat' dir='ltr'>custodem</span> <span class='ocrx_word' id='word_1_287' title='bbox 498 2536 658 2613; x_wconf 88' lang='lat' dir='ltr'>ecclesiam,</span> <span class='ocrx_word' id='word_1_288' title='bbox 677 2540 756 2597; x_wconf 88' lang='lat' dir='ltr'>cuius</span> <span class='ocrx_word' id='word_1_289' title='bbox 770 2558 867 2628; x_wconf 87' lang='lat' dir='ltr'>opera</span> <span class='ocrx_word' id='word_1_290' title='bbox 884 2548 913 2594; x_wconf 90' lang='lat' dir='ltr'>et</span> <span class='ocrx_word' id='word_1_291' title='bbox 932 2533 1097 2595; x_wconf 84' lang='lat' dir='ltr'>ministerio</span> <span class='ocrx_word' id='word_1_292' title='bbox 1113 2536 1241 2593; x_wconf 86' lang='lat' dir='ltr'>sustine-</span> 
     </span>
     <span class='ocr_line' id='line_1_32' title="bbox 111 2607 1240 2690; baseline 0 -24"><span class='ocrx_word' id='word_1_293' title='bbox 111 2612 181 2667; x_wconf 51' lang='grc' dir='ltr'>ωτι·</span> <span class='ocrx_word' id='word_1_294' title='bbox 209 2607 300 2688; x_wconf 75' lang='lat' dir='ltr'>Atqui</span> <span class='ocrx_word' id='word_1_295' title='bbox 320 2611 343 2670; x_wconf 91' lang='lat' dir='ltr'>si</span> <span class='ocrx_word' id='word_1_296' title='bbox 364 2612 434 2671; x_wconf 86' lang='lat' dir='ltr'>baec</span> <span class='ocrx_word' id='word_1_297' title='bbox 460 2613 590 2672; x_wconf 88' lang='lat' dir='ltr'>custodia</span> <span class='ocrx_word' id='word_1_298' title='bbox 614 2615 643 2672; x_wconf 92' lang='lat' dir='ltr'>in</span> <span class='ocrx_word' id='word_1_299' title='bbox 669 2614 830 2674; x_wconf 77' lang='lat' dir='ltr'>ministerio</span> <span class='ocrx_word' id='word_1_300' title='bbox 851 2611 1031 2690; x_wconf 86' lang='lat' dir='ltr'>Prophetico</span> <span class='ocrx_word' id='word_1_301' title='bbox 1054 2621 1088 2669; x_wconf 86' lang='lat' dir='ltr'>et</span> <span class='ocrx_word' id='word_1_302' title='bbox 1106 2608 1240 2686; x_wconf 76' lang='lat' dir='ltr'>Aposto-</span> 
     </span>
     <span class='ocr_line' id='line_1_33' title="bbox 111 2681 1241 2771; baseline 0.002 -30"><span class='ocrx_word' id='word_1_303' title='bbox 111 2683 175 2743; x_wconf 83' lang='lat' dir='ltr'>lico</span> <span class='ocrx_word' id='word_1_304' title='bbox 192 2686 246 2744; x_wconf 85' lang='lat' dir='ltr'>site</span> <span class='ocrx_word' id='word_1_305' title='bbox 265 2698 318 2759; x_wconf 88' lang='lat' dir='ltr'>est,</span> <span class='ocrx_word' id='word_1_306' title='bbox 337 2691 467 2765; x_wconf 88' lang='lat' dir='ltr'>sequitur</span> <span class='ocrx_word' id='word_1_307' title='bbox 485 2701 578 2747; x_wconf 90' lang='lat' dir='ltr'>totam</span> <span class='ocrx_word' id='word_1_308' title='bbox 598 2690 826 2771; x_wconf 87' lang='lat' dir='ltr'>inde&#39;pen&#39;dere,</span> <span class='ocrx_word' id='word_1_309' title='bbox 846 2690 868 2747; x_wconf 88' lang='lat' dir='ltr'>si</span> <span class='ocrx_word' id='word_1_310' title='bbox 888 2688 1008 2749; x_wconf 80' lang='lat' dir='ltr'>verbum</span> <span class='ocrx_word' id='word_1_311' title='bbox 1027 2683 1150 2747; x_wconf 88' lang='lat' dir='ltr'>Domini</span> <span class='ocrx_word' id='word_1_312' title='bbox 1168 2681 1241 2743; x_wconf 85' lang='lat' dir='ltr'>fide-</span> 
     </span>
     <span class='ocr_line' id='line_1_34' title="bbox 112 2758 1159 2852; baseline 0.007 -35"><span class='ocrx_word' id='word_1_313' title='bbox 112 2758 182 2817; x_wconf 87' lang='lat' dir='ltr'>liter</span> <span class='ocrx_word' id='word_1_314' title='bbox 200 2775 397 2836; x_wconf 87' lang='lat' dir='ltr'>conservetur,</span> <span class='ocrx_word' id='word_1_315' title='bbox 417 2782 554 2852; x_wconf 72' lang='lat' dir='ltr'>suamque</span> <span class='ocrx_word' id='word_1_316' title='bbox 574 2766 729 2843; x_wconf 90' lang='lat' dir='ltr'>puritatem</span> <span class='ocrx_word' id='word_1_317' title='bbox 750 2766 886 2825; x_wconf 86' lang='lat' dir='ltr'>retineat.</span> <span class='ocrx_word' id='word_1_318' title='bbox 1152 2835 1159 2850; x_wconf 36' lang='grc' dir='ltr'>ι</span> 
     </span>
     <span class='ocr_line' id='line_1_35' title="bbox 135 2836 1241 2923; baseline -0.007 -22"><span class='ocrx_word' id='word_1_319' title='bbox 135 2870 148 2883; x_wconf 92' lang='lat'>·-</span> <span class='ocrx_word' id='word_1_320' title='bbox 189 2843 237 2901; x_wconf 64' lang='lat' dir='ltr'>dt</span> <span class='ocrx_word' id='word_1_321' title='bbox 273 2839 371 2917; x_wconf 81' lang='lat' dir='ltr'>Atque</span> <span class='ocrx_word' id='word_1_322' title='bbox 391 2852 423 2898; x_wconf 91' lang='lat' dir='ltr'>ut</span> <span class='ocrx_word' id='word_1_323' title='bbox 443 2841 543 2900; x_wconf 86' lang='lat' dir='ltr'>rnelms</span> <span class='ocrx_word' id='word_1_324' title='bbox 563 2841 728 2923; x_wconf 78' lang='lat' dir='ltr'>intelligant</span> <span class='ocrx_word' id='word_1_325' title='bbox 752 2842 892 2913; x_wconf 84' lang='lat' dir='ltr'>lectores,</span> <span class='ocrx_word' id='word_1_326' title='bbox 922 2839 1032 2918; x_wconf 89' lang='lat' dir='ltr'>inquo</span> <span class='ocrx_word' id='word_1_327' title='bbox 1059 2836 1241 2915; x_wconf 80' lang='lat' dir='ltr'>potissumum</span> 
     </span>
     <span class='ocr_line' id='line_1_36' title="bbox 112 2912 1241 2996; baseline -0.003 -23"><span class='ocrx_word' id='word_1_328' title='bbox 112 2912 234 2973; x_wconf 77' lang='lat' dir='ltr'>cardine</span> <span class='ocrx_word' id='word_1_329' title='bbox 250 2928 379 2975; x_wconf 83' lang='lat' dir='ltr'>versetur</span> <span class='ocrx_word' id='word_1_330' title='bbox 400 2916 470 2977; x_wconf 88' lang='lat' dir='ltr'>haec</span> <span class='ocrx_word' id='word_1_331' title='bbox 490 2918 634 2995; x_wconf 86' lang='lat' dir='ltr'>quaestio:</span> <span class='ocrx_word' id='word_1_332' title='bbox 654 2916 722 2996; x_wconf 89' lang='lat' dir='ltr'>quid</span> <span class='ocrx_word' id='word_1_333' title='bbox 743 2917 894 2995; x_wconf 90' lang='lat' dir='ltr'>postulent</span> <span class='ocrx_word' id='word_1_334' title='bbox 913 2915 1006 2973; x_wconf 85' lang='lat' dir='ltr'>nostri</span> <span class='ocrx_word' id='word_1_335' title='bbox 1023 2912 1190 2984; x_wconf 80' lang='lat' dir='ltr'>aduersarii,</span> <span class='ocrx_word' id='word_1_336' title='bbox 1210 2916 1241 2970; x_wconf 81' lang='lat' dir='ltr'>et</span> 
     </span>
     <span class='ocr_line' id='line_1_37' title="bbox 111 2990 1241 3072; baseline -0.001 -25"><span class='ocrx_word' id='word_1_337' title='bbox 111 2990 154 3048; x_wconf 91' lang='lat' dir='ltr'>in·</span> <span class='ocrx_word' id='word_1_338' title='bbox 166 3009 225 3069; x_wconf 91' lang='lat' dir='ltr'>quo</span> <span class='ocrx_word' id='word_1_339' title='bbox 243 2990 312 3070; x_wconf 87' lang='lat' dir='ltr'>ipsis</span> <span class='ocrx_word' id='word_1_340' title='bbox 331 2994 504 3065; x_wconf 83' lang='lat' dir='ltr'>resistamus,</span> <span class='ocrx_word' id='word_1_341' title='bbox 526 2994 621 3072; x_wconf 86' lang='lat' dir='ltr'>paucis</span> <span class='ocrx_word' id='word_1_342' title='bbox 642 3014 794 3072; x_wconf 88' lang='lat' dir='ltr'>exponam.</span> <span class='ocrx_word' id='word_1_343' title='bbox 838 2991 929 3067; x_wconf 83' lang='lat' dir='ltr'>Quod</span> <span class='ocrx_word' id='word_1_344' title='bbox 949 2990 992 3048; x_wconf 92' lang='lat' dir='ltr'>illi</span> <span class='ocrx_word' id='word_1_345' title='bbox 1012 3000 1124 3071; x_wconf 82' lang='lat' dir='ltr'>negant</span> <span class='ocrx_word' id='word_1_346' title='bbox 1143 3005 1241 3046; x_wconf 85' lang='lat' dir='ltr'>errare</span> 
     </span>
     <span class='ocr_line' id='line_1_38' title="bbox 182 3061 1240 3149; baseline -0.001 -25"><span class='ocrx_word' id='word_1_347' title='bbox 182 3066 385 3141; x_wconf 77' lang='lat' dir='ltr'>eccclesiam,</span> <span class='ocrx_word' id='word_1_348' title='bbox 417 3069 472 3128; x_wconf 87' lang='lat' dir='ltr'>buc</span> <span class='ocrx_word' id='word_1_349' title='bbox 490 3081 618 3148; x_wconf 89' lang='lat' dir='ltr'>spectat,</span> <span class='ocrx_word' id='word_1_350' title='bbox 649 3081 737 3149; x_wconf 85' lang='lat' dir='ltr'>atque</span> <span class='ocrx_word' id='word_1_351' title='bbox 762 3071 800 3127; x_wconf 87' lang='lat' dir='ltr'>ita</span> <span class='ocrx_word' id='word_1_352' title='bbox 826 3068 1063 3145; x_wconf 84' lang='lat' dir='ltr'>interpretantur.</span> <span class='ocrx_word' id='word_1_353' title='bbox 1109 3061 1240 3136; x_wconf 82' lang='lat' dir='ltr'>Quando</span> 
     </span>
     <span class='ocr_line' id='line_1_39' title="bbox 110 3087 1242 3224; baseline -0.004 -24"><span class='ocrx_word' id='word_1_354' title='bbox 110 3087 227 3222; x_wconf 50' lang='lat' dir='ltr'>bibita</span> <span class='ocrx_word' id='word_1_355' title='bbox 245 3143 303 3201; x_wconf 92' lang='lat' dir='ltr'>Dei</span> <span class='ocrx_word' id='word_1_356' title='bbox 323 3146 517 3224; x_wconf 86' lang='lat' dir='ltr'>gubernatur,</span> <span class='ocrx_word' id='word_1_357' title='bbox 546 3158 610 3204; x_wconf 94' lang='lat' dir='ltr'>tuto</span> <span class='ocrx_word' id='word_1_358' title='bbox 630 3147 766 3205; x_wconf 88' lang='lat' dir='ltr'>incedere</span> <span class='ocrx_word' id='word_1_359' title='bbox 785 3148 848 3205; x_wconf 80' lang='lat' dir='ltr'>sine</span> <span class='ocrx_word' id='word_1_360' title='bbox 866 3142 957 3203; x_wconf 84' lang='lat' dir='ltr'>verbo</span> <span class='ocrx_word' id='word_1_361' title='bbox 978 3162 1079 3221; x_wconf 85' lang='lat' dir='ltr'>posse:</span> <span class='ocrx_word' id='word_1_362' title='bbox 1106 3160 1242 3219; x_wconf 66' lang='lat' dir='ltr'>quocun-⁴</span> 
     </span>
     <span class='ocr_line' id='line_1_40' title="bbox 91 3214 1240 3300; baseline -0.003 -24"><span class='ocrx_word' id='word_1_363' title='bbox 91 3234 170 3298; x_wconf 80' lang='lat' dir='ltr'>‘que</span> <span class='ocrx_word' id='word_1_364' title='bbox 192 3232 309 3300; x_wconf 76' lang='lat' dir='ltr'>pergat,</span> <span class='ocrx_word' id='word_1_365' title='bbox 338 3241 398 3278; x_wconf 87' lang='lat' dir='ltr'>rrnn</span> <span class='ocrx_word' id='word_1_366' title='bbox 425 3243 510 3298; x_wconf 89' lang='lat' dir='ltr'>posse</span> <span class='ocrx_word' id='word_1_367' title='bbox 536 3223 644 3282; x_wconf 89' lang='lat' dir='ltr'>sentire</span> <span class='ocrx_word' id='word_1_368' title='bbox 667 3234 716 3281; x_wconf 87' lang='lat' dir='ltr'>aut</span> <span class='ocrx_word' id='word_1_369' title='bbox 734 3222 817 3300; x_wconf 90' lang='lat' dir='ltr'>loqui</span> <span class='ocrx_word' id='word_1_370' title='bbox 843 3220 898 3279; x_wconf 88' lang='lat' dir='ltr'>nisi</span> <span class='ocrx_word' id='word_1_371' title='bbox 923 3238 1038 3277; x_wconf 81' lang='lat' dir='ltr'>verunt:</span> <span class='ocrx_word' id='word_1_372' title='bbox 1070 3215 1194 3296; x_wconf 90' lang='lat' dir='ltr'>proinde</span> <span class='ocrx_word' id='word_1_373' title='bbox 1214 3214 1240 3274; x_wconf 85' lang='lat' dir='ltr'>si</span> 
     </span>
     <span class='ocr_line' id='line_1_41' title="bbox 110 3293 1239 3376; baseline -0.004 -23"><span class='ocrx_word' id='word_1_374' title='bbox 110 3294 183 3373; x_wconf 87' lang='lat' dir='ltr'>quid</span> <span class='ocrx_word' id='word_1_375' title='bbox 203 3307 282 3353; x_wconf 83' lang='lat' dir='ltr'>extra</span> <span class='ocrx_word' id='word_1_376' title='bbox 302 3308 352 3355; x_wconf 86' lang='lat' dir='ltr'>aut</span> <span class='ocrx_word' id='word_1_377' title='bbox 375 3309 491 3376; x_wconf 86' lang='lat' dir='ltr'>praeter</span> <span class='ocrx_word' id='word_1_378' title='bbox 511 3298 567 3356; x_wconf 88' lang='lat' dir='ltr'>Dei</span> <span class='ocrx_word' id='word_1_379' title='bbox 596 3297 715 3358; x_wconf 88' lang='lat' dir='ltr'>verbum</span> <span class='ocrx_word' id='word_1_380' title='bbox 744 3296 892 3369; x_wconf 87' lang='lat' dir='ltr'>statuerit,</span> <span class='ocrx_word' id='word_1_381' title='bbox 920 3294 949 3353; x_wconf 88' lang='lat' dir='ltr'>id</span> <span class='ocrx_word' id='word_1_382' title='bbox 985 3293 1148 3354; x_wconf 86' lang='lat' dir='ltr'>babendum</span> <span class='ocrx_word' id='word_1_383' title='bbox 1175 3309 1239 3350; x_wconf 82' lang='lat' dir='ltr'>esse</span> 
     </span>
     <span class='ocr_line' id='line_1_42' title="bbox 110 3365 1240 3450; baseline -0.004 -22"><span class='ocrx_word' id='word_1_384' title='bbox 110 3390 176 3429; x_wconf 87' lang='lat' dir='ltr'>non</span> <span class='ocrx_word' id='word_1_385' title='bbox 194 3369 252 3431; x_wconf 86' lang='lat' dir='ltr'>alio</span> <span class='ocrx_word' id='word_1_386' title='bbox 272 3371 357 3443; x_wconf 92' lang='lat' dir='ltr'>loco,</span> <span class='ocrx_word' id='word_1_387' title='bbox 382 3395 466 3450; x_wconf 90' lang='lat' dir='ltr'>quam</span> <span class='ocrx_word' id='word_1_388' title='bbox 493 3387 604 3433; x_wconf 87' lang='lat' dir='ltr'>certum</span> <span class='ocrx_word' id='word_1_389' title='bbox 624 3375 681 3433; x_wconf 88' lang='lat' dir='ltr'>Dei</span> <span class='ocrx_word' id='word_1_390' title='bbox 705 3373 862 3433; x_wconf 72' lang='lat' dir='ltr'>oraculum·</span> <span class='ocrx_word' id='word_1_391' title='bbox 905 3370 967 3430; x_wconf 84' lang='lat' dir='ltr'>Nos</span> <span class='ocrx_word' id='word_1_392' title='bbox 993 3372 1017 3429; x_wconf 86' lang='lat' dir='ltr'>si</span> <span class='ocrx_word' id='word_1_393' title='bbox 1042 3369 1142 3429; x_wconf 90' lang='lat' dir='ltr'>demus</span> <span class='ocrx_word' id='word_1_394' title='bbox 1166 3365 1240 3425; x_wconf 90' lang='lat' dir='ltr'>illud</span> 
     </span>
     <span class='ocr_line' id='line_1_43' title="bbox 109 3446 1240 3528; baseline -0.004 -24"><span class='ocrx_word' id='word_1_395' title='bbox 109 3446 253 3527; x_wconf 87' lang='lat' dir='ltr'>p&#39;rimum,</span> <span class='ocrx_word' id='word_1_396' title='bbox 277 3468 374 3507; x_wconf 90' lang='lat' dir='ltr'>errare</span> <span class='ocrx_word' id='word_1_397' title='bbox 396 3460 455 3508; x_wconf 92' lang='lat' dir='ltr'>non</span> <span class='ocrx_word' id='word_1_398' title='bbox 476 3471 560 3528; x_wconf 88' lang='lat' dir='ltr'>posse</span> <span class='ocrx_word' id='word_1_399' title='bbox 582 3449 731 3510; x_wconf 86' lang='lat' dir='ltr'>ecclesiam</span> <span class='ocrx_word' id='word_1_400' title='bbox 750 3451 781 3508; x_wconf 92' lang='lat' dir='ltr'>in</span> <span class='ocrx_word' id='word_1_401' title='bbox 801 3448 889 3507; x_wconf 88' lang='lat' dir='ltr'>rebus</span> <span class='ocrx_word' id='word_1_402' title='bbox 909 3448 943 3506; x_wconf 91' lang='lat' dir='ltr'>ad</span> <span class='ocrx_word' id='word_1_403' title='bbox 964 3446 1085 3507; x_wconf 84' lang='lat' dir='ltr'>salutem</span> <span class='ocrx_word' id='word_1_404' title='bbox 1107 3463 1240 3503; x_wconf 86' lang='lat' dir='ltr'>necessa-</span> 
     </span>
     <span class='ocr_line' id='line_1_44' title="bbox 107 3519 1240 3603; baseline -0.005 -20"><span class='ocrx_word' id='word_1_405' title='bbox 107 3522 251 3583; x_wconf 74' lang='lat' dir='ltr'>riiszbic</span> <span class='ocrx_word' id='word_1_406' title='bbox 271 3544 371 3583; x_wconf 91' lang='lat' dir='ltr'>sensus</span> <span class='ocrx_word' id='word_1_407' title='bbox 392 3538 492 3585; x_wconf 89' lang='lat' dir='ltr'>noster</span> <span class='ocrx_word' id='word_1_408' title='bbox 512 3538 570 3599; x_wconf 89' lang='lat' dir='ltr'>est,</span> <span class='ocrx_word' id='word_1_409' title='bbox 589 3526 657 3585; x_wconf 87' lang='lat' dir='ltr'>ideo</span> <span class='ocrx_word' id='word_1_410' title='bbox 677 3526 735 3585; x_wconf 93' lang='lat' dir='ltr'>boc</span> <span class='ocrx_word' id='word_1_411' title='bbox 755 3545 817 3585; x_wconf 88' lang='lat' dir='ltr'>ease</span> <span class='ocrx_word' id='word_1_412' title='bbox 837 3523 916 3603; x_wconf 91' lang='lat' dir='ltr'>quod</span> <span class='ocrx_word' id='word_1_413' title='bbox 937 3522 1067 3582; x_wconf 88' lang='lat' dir='ltr'>abdicata</span> <span class='ocrx_word' id='word_1_414' title='bbox 1088 3519 1169 3580; x_wconf 88' lang='lat' dir='ltr'>omni</span> <span class='ocrx_word' id='word_1_415' title='bbox 1188 3537 1240 3577; x_wconf 86' lang='lat' dir='ltr'>sua</span> 
     </span>
     <span class='ocr_line' id='line_1_45' title="bbox 107 3595 1240 3680; baseline -0.007 -21"><span class='ocrx_word' id='word_1_416' title='bbox 107 3598 262 3677; x_wconf 80' lang='lat' dir='ltr'>rapientia,</span> <span class='ocrx_word' id='word_1_417' title='bbox 282 3622 297 3658; x_wconf 91' lang='lat' dir='ltr'>a</span> <span class='ocrx_word' id='word_1_418' title='bbox 314 3600 425 3679; x_wconf 87' lang='lat' dir='ltr'>Spiritu</span> <span class='ocrx_word' id='word_1_419' title='bbox 444 3614 544 3661; x_wconf 89' lang='lat' dir='ltr'>sancto</span> <span class='ocrx_word' id='word_1_420' title='bbox 566 3603 666 3662; x_wconf 90' lang='lat' dir='ltr'>doceri</span> <span class='ocrx_word' id='word_1_421' title='bbox 686 3622 717 3661; x_wconf 86' lang='lat' dir='ltr'>se</span> <span class='ocrx_word' id='word_1_422' title='bbox 738 3622 790 3680; x_wconf 89' lang='lat' dir='ltr'>per</span> <span class='ocrx_word' id='word_1_423' title='bbox 807 3600 928 3659; x_wconf 88' lang='lat' dir='ltr'>verbum</span> <span class='ocrx_word' id='word_1_424' title='bbox 948 3599 1005 3657; x_wconf 89' lang='lat' dir='ltr'>Dei</span> <span class='ocrx_word' id='word_1_425' title='bbox 1023 3597 1142 3678; x_wconf 86' lang='lat' dir='ltr'>patitur.</span> <span class='ocrx_word' id='word_1_426' title='bbox 1171 3595 1240 3653; x_wconf 90' lang='lat' dir='ltr'>lloc</span> 
     </span>
     <span class='ocr_line' id='line_1_46' title="bbox 108 3668 1241 3757; baseline -0.004 -23"><span class='ocrx_word' id='word_1_427' title='bbox 108 3676 202 3757; x_wconf 78' lang='lat' dir='ltr'>igitur</span> <span class='ocrx_word' id='word_1_428' title='bbox 222 3688 266 3734; x_wconf 85' lang='lat' dir='ltr'>est</span> <span class='ocrx_word' id='word_1_429' title='bbox 285 3676 449 3736; x_wconf 75' lang='lat' dir='ltr'>discrimen,</span> <span class='ocrx_word' id='word_1_430' title='bbox 493 3677 540 3735; x_wconf 94' lang='lat' dir='ltr'>llli</span> <span class='ocrx_word' id='word_1_431' title='bbox 561 3678 698 3737; x_wconf 87' lang='lat' dir='ltr'>ecclcsiae</span> <span class='ocrx_word' id='word_1_432' title='bbox 718 3676 921 3737; x_wconf 90' lang='lat' dir='ltr'>auctoritatem</span> <span class='ocrx_word' id='word_1_433' title='bbox 942 3687 1020 3734; x_wconf 77' lang='lat' dir='ltr'>entra</span> <span class='ocrx_word' id='word_1_434' title='bbox 1040 3671 1161 3732; x_wconf 87' lang='lat' dir='ltr'>verbum</span> <span class='ocrx_word' id='word_1_435' title='bbox 1180 3668 1241 3729; x_wconf 85' lang='lat' dir='ltr'>Dei</span> 
     </span>
     <span class='ocr_line' id='line_1_47' title="bbox 106 3746 1241 3826; baseline -0.007 -15"><span class='ocrx_word' id='word_1_436' title='bbox 106 3748 274 3811; x_wconf 83' lang='lat' dir='ltr'>collocant:</span> <span class='ocrx_word' id='word_1_437' title='bbox 296 3773 351 3810; x_wconf 91' lang='lat' dir='ltr'>nos</span> <span class='ocrx_word' id='word_1_438' title='bbox 371 3766 466 3812; x_wconf 90' lang='lat' dir='ltr'>autem</span> <span class='ocrx_word' id='word_1_439' title='bbox 486 3753 618 3813; x_wconf 90' lang='lat' dir='ltr'>volumus</span> <span class='ocrx_word' id='word_1_440' title='bbox 638 3755 728 3814; x_wconf 84' lang='lat' dir='ltr'>verbo</span> <span class='ocrx_word' id='word_1_441' title='bbox 749 3773 902 3824; x_wconf 83' lang='lat' dir='ltr'>annexam,</span> <span class='ocrx_word' id='word_1_442' title='bbox 923 3770 978 3809; x_wconf 92' lang='lat' dir='ltr'>nec</span> <span class='ocrx_word' id='word_1_443' title='bbox 998 3750 1033 3811; x_wconf 85' lang='lat' dir='ltr'>ab</span> <span class='ocrx_word' id='word_1_444' title='bbox 1055 3768 1092 3807; x_wconf 87' lang='lat' dir='ltr'>eo</span> <span class='ocrx_word' id='word_1_445' title='bbox 1111 3746 1241 3826; x_wconf 86' lang='lat' dir='ltr'>separari</span> 
     </span>
     <span class='ocr_line' id='line_1_48' title="bbox 105 3826 1240 3909; baseline -0.007 -23"><span class='ocrx_word' id='word_1_446' title='bbox 105 3827 250 3909; x_wconf 81' lang='lat' dir='ltr'>patimur.</span> <span class='ocrx_word' id='word_1_447' title='bbox 289 3828 328 3886; x_wconf 83' lang='lat' dir='ltr'>Et</span> <span class='ocrx_word' id='word_1_448' title='bbox 348 3830 414 3908; x_wconf 92' lang='lat' dir='ltr'>quid</span> <span class='ocrx_word' id='word_1_449' title='bbox 435 3832 549 3903; x_wconf 89' lang='lat' dir='ltr'>mirum,</span> <span class='ocrx_word' id='word_1_450' title='bbox 567 3831 590 3890; x_wconf 92' lang='lat' dir='ltr'>si</span> <span class='ocrx_word' id='word_1_451' title='bbox 610 3851 714 3909; x_wconf 89' lang='lat' dir='ltr'>sponsa</span> <span class='ocrx_word' id='word_1_452' title='bbox 734 3827 917 3905; x_wconf 85' lang='lat' dir='ltr'>acdiscipula</span> <span class='ocrx_word' id='word_1_453' title='bbox 930 3826 1039 3887; x_wconf 79' lang='lat' dir='ltr'>Christi</span> <span class='ocrx_word' id='word_1_454' title='bbox 1058 3844 1111 3884; x_wconf 81' lang='lat' dir='ltr'>suo</span> <span class='ocrx_word' id='word_1_455' title='bbox 1131 3839 1240 3900; x_wconf 85' lang='lat' dir='ltr'>sponso</span> 
     </span>
     <span class='ocr_line' id='line_1_49' title="bbox 105 3895 1240 3989; baseline -0.006 -26"><span class='ocrx_word' id='word_1_456' title='bbox 105 3903 314 3987; x_wconf 73' lang='lat' dir='ltr'>magistroque</span> <span class='ocrx_word' id='word_1_457' title='bbox 332 3907 500 3978; x_wconf 87' lang='lat' dir='ltr'>subiicitur,</span> <span class='ocrx_word' id='word_1_458' title='bbox 527 3920 560 3964; x_wconf 90' lang='lat' dir='ltr'>ut</span> <span class='ocrx_word' id='word_1_459' title='bbox 579 3908 614 3966; x_wconf 90' lang='lat' dir='ltr'>ab</span> <span class='ocrx_word' id='word_1_460' title='bbox 636 3912 697 3966; x_wconf 83' lang='lat' dir='ltr'>eius</span> <span class='ocrx_word' id='word_1_461' title='bbox 717 3924 770 3965; x_wconf 92' lang='lat' dir='ltr'>ore</span> <span class='ocrx_word' id='word_1_462' title='bbox 790 3904 901 3964; x_wconf 87' lang='lat' dir='ltr'>assidue</span> <span class='ocrx_word' id='word_1_463' title='bbox 921 3900 1074 3962; x_wconf 66' lang='lat' dir='ltr'>canedulo</span> <span class='ocrx_word' id='word_1_464' title='bbox 1096 3895 1240 3989; x_wconf 72' lang='lat' dir='ltr'>pendeat?</span> 
     </span>
     <span class='ocr_line' id='line_1_50' title="bbox 107 3976 1239 4062; baseline -0.009 -23"><span class='ocrx_word' id='word_1_465' title='bbox 107 3981 197 4039; x_wconf 83' lang='lat' dir='ltr'>Haec</span> <span class='ocrx_word' id='word_1_466' title='bbox 218 3982 295 4038; x_wconf 90' lang='lat' dir='ltr'>enim</span> <span class='ocrx_word' id='word_1_467' title='bbox 316 3994 359 4040; x_wconf 87' lang='lat' dir='ltr'>est</span> <span class='ocrx_word' id='word_1_468' title='bbox 379 3983 481 4041; x_wconf 86' lang='lat' dir='ltr'>domus</span> <span class='ocrx_word' id='word_1_469' title='bbox 507 3981 583 4041; x_wconf 86' lang='lat' dir='ltr'>benc</span> <span class='ocrx_word' id='word_1_470' title='bbox 607 3981 906 4062; x_wconf 62' lang='lat' dir='ltr'>compositae,ratio,·</span> <span class='ocrx_word' id='word_1_471' title='bbox 936 3989 968 4036; x_wconf 87' lang='lat' dir='ltr'>ut</span> <span class='ocrx_word' id='word_1_472' title='bbox 991 3976 1088 4037; x_wconf 82' lang='lat' dir='ltr'>meriti</span> <span class='ocrx_word' id='word_1_473' title='bbox 1114 3991 1239 4052; x_wconf 77' lang='lat' dir='ltr'>imperto</span> 
     </span>
     <span class='ocr_line' id='line_1_51' title="bbox 108 4049 1241 4135; baseline -0.005 -21"><span class='ocrx_word' id='word_1_474' title='bbox 108 4075 188 4114; x_wconf 89' lang='lat' dir='ltr'>uxor</span> <span class='ocrx_word' id='word_1_475' title='bbox 200 4057 399 4135; x_wconf 85' lang='lat' dir='ltr'>obtemperet:</span> <span class='ocrx_word' id='word_1_476' title='bbox 420 4059 489 4117; x_wconf 89' lang='lat' dir='ltr'>haec</span> <span class='ocrx_word' id='word_1_477' title='bbox 503 4059 619 4118; x_wconf 87' lang='lat' dir='ltr'>scholae</span> <span class='ocrx_word' id='word_1_478' title='bbox 640 4059 716 4118; x_wconf 91' lang='lat' dir='ltr'>bene</span> <span class='ocrx_word' id='word_1_479' title='bbox 737 4068 867 4115; x_wconf 90' lang='lat' dir='ltr'>moratae</span> <span class='ocrx_word' id='word_1_480' title='bbox 878 4054 988 4135; x_wconf 83' lang='lat' dir='ltr'>regula,</span> <span class='ocrx_word' id='word_1_481' title='bbox 1006 4064 1040 4113; x_wconf 89' lang='lat' dir='ltr'>ut</span> <span class='ocrx_word' id='word_1_482' title='bbox 1051 4049 1241 4132; x_wconf 64' lang='lat' dir='ltr'>magistriso-</span> 
     </span>
     <span class='ocr_line' id='line_1_52' title="bbox 109 4124 1244 4219; baseline -0.007 -28"><span class='ocrx_word' id='word_1_483' title='bbox 109 4132 169 4191; x_wconf 89' lang='lat' dir='ltr'>lius</span> <span class='ocrx_word' id='word_1_484' title='bbox 190 4131 323 4193; x_wconf 85' lang='lat' dir='ltr'>doctrina</span> <span class='ocrx_word' id='word_1_485' title='bbox 343 4133 401 4194; x_wconf 89' lang='lat' dir='ltr'>illie</span> <span class='ocrx_word' id='word_1_486' title='bbox 421 4135 562 4195; x_wconf 87' lang='lat' dir='ltr'>audiatur.</span> <span class='ocrx_word' id='word_1_487' title='bbox 602 4133 804 4210; x_wconf 80' lang='lat' dir='ltr'>Quamobrem</span> <span class='ocrx_word' id='word_1_488' title='bbox 816 4152 877 4191; x_wconf 90' lang='lat' dir='ltr'>non</span> <span class='ocrx_word' id='word_1_489' title='bbox 896 4149 930 4189; x_wconf 83' lang='lat' dir='ltr'>ea</span> <span class='ocrx_word' id='word_1_490' title='bbox 949 4149 981 4191; x_wconf 89' lang='lat' dir='ltr'>se</span> <span class='ocrx_word' id='word_1_491' title='bbox 999 4129 1092 4219; x_wconf 83' lang='lat' dir='ltr'>sapiat</span> <span class='ocrx_word' id='word_1_492' title='bbox 1111 4124 1244 4200; x_wconf 87' lang='lat' dir='ltr'>ecclesia,</span> 
     </span>
     <span class='ocr_line' id='line_1_53' title="bbox 111 4207 1243 4293; baseline -0.007 -27"><span class='ocrx_word' id='word_1_493' title='bbox 111 4228 176 4273; x_wconf 80' lang='lat' dir='ltr'>non</span> <span class='ocrx_word' id='word_1_494' title='bbox 197 4229 232 4268; x_wconf 82' lang='lat' dir='ltr'>ex</span> <span class='ocrx_word' id='word_1_495' title='bbox 250 4230 281 4268; x_wconf 90' lang='lat' dir='ltr'>se</span> <span class='ocrx_word' id='word_1_496' title='bbox 302 4211 422 4290; x_wconf 74' lang='lat' dir='ltr'>cogitet·</span> <span class='ocrx_word' id='word_1_497' title='bbox 433 4211 602 4290; x_wconf 70' lang='lat' dir='ltr'>quicquam:</span> <span class='ocrx_word' id='word_1_498' title='bbox 622 4207 851 4290; x_wconf 80' lang='lat' dir='ltr'>sedsapientiae</span> <span class='ocrx_word' id='word_1_499' title='bbox 869 4225 940 4267; x_wconf 89' lang='lat' dir='ltr'>auae</span> <span class='ocrx_word' id='word_1_500' title='bbox 959 4210 1243 4293; x_wconf 32' lang='lat' dir='ltr'>termruunaostatuat,</span> 
     </span>
     <span class='ocr_line' id='line_1_54' title="bbox 111 4277 1247 4365; baseline 0.003 -23"><span class='ocrx_word' id='word_1_501' title='bbox 111 4283 168 4343; x_wconf 86' lang='lat' dir='ltr'>ubi</span> <span class='ocrx_word' id='word_1_502' title='bbox 179 4284 329 4365; x_wconf 86' lang='lat' dir='ltr'>loquendi</span> <span class='ocrx_word' id='word_1_503' title='bbox 347 4286 505 4349; x_wconf 83' lang='lat' dir='ltr'>linem-ille</span> <span class='ocrx_word' id='word_1_504' title='bbox 523 4286 653 4365; x_wconf 27' lang='lat' dir='ltr'>leceriu-</span> <span class='ocrx_word' id='word_1_505' title='bbox 686 4290 724 4349; x_wconf 88' lang='lat' dir='ltr'>lu</span> <span class='ocrx_word' id='word_1_506' title='bbox 748 4282 969 4349; x_wconf 65' lang='lat' dir='ltr'>hincmaurus</span> <span class='ocrx_word' id='word_1_507' title='bbox 987 4292 1033 4347; x_wconf 85' lang='lat' dir='ltr'>et.</span> <span class='ocrx_word' id='word_1_508' title='bbox 1044 4277 1181 4345; x_wconf 69' lang='lat' dir='ltr'>omnbus</span> <span class='ocrx_word' id='word_1_509' title='bbox 1198 4295 1247 4339; x_wconf 72' lang='lat' dir='ltr'>rt·</span> 
     </span>
    </p>
   </div>
   <div class='ocr_carea' id='block_1_3' title="bbox 0 0 1354 4732">
    <p class='ocr_par' dir='ltr' id='par_1_3' title="bbox 0 0 1354 4732">
     <span class='ocr_line' id='line_1_55' title="bbox 0 0 1354 4732; baseline 0 4"><span class='ocrx_word' id='word_1_510' title='bbox 0 0 1354 4732; x_wconf 95' lang='lat' dir='ltr'> </span> 
     </span>
    </p>
   </div>
  </div>
 </body>
</html>
