2700 4732
379 286 383 295 ,
465 216 586 283 unt
626 218 716 283 (ΑΡ.
737 218 824 283 vnn

447 506 709 581 CAPUT
758 507 853 579 Vlll.

42 754 47 763 .
80 698 350 781 probationes,
375 710 558 782 quatenus
576 700 652 763 l'ert
670 702 821 763 humana
841 700 952 777 ratio,
976 698 1069 761 satis
1088 698 1218 763 sirmas

186 809 389 878 suppetere
408 793 452 857 ad
469 792 732 857 stabiliendam
752 792 972 874 Scriptum
992 794 1110 855 iidem.

147 972 234 1028 fluisse
252 971 351 1045 Capitis
373 985 459 1045 partes
479 985 541 1027 snnt
556 987 676 1044 quatuor.
716 970 796 1026 Prior
818 971 949 1037 generales
974 974 1099 1042 quasdam
1114 973 1218 1043 proba·

80 1062 162 1116 tiones
180 1061 309 1121 eontinet,
336 1076 404 1128 quae
427 1076 457 1109 ea
473 1057 606 1128 utrimque
622 1055 780 1111 Testamenti
801 1057 874 1110 libria
895 1056 972 1110 lacile
990 1056 1076 1121 colligi
1093 1070 1217 1127 possunt:

81 1146 219 1200 doctrinae
232 1160 320 1197 sarrae
335 1141 668 1213 videliet-,tdiapositionem⁸
684 1139 842 1206 dignitatem.
859 1142 999 1203 veritatem,
1015 1140 1218 1213 simplicitatem,

81 1228 224 1284 efficaciam
241 1241 267 1280 et
283 1225 448 1291 maiestatem.
464 1240 523 1281 sect.
539 1228 564 1281 1.
572 1228 627 1282 eti.
642 1255 678 1270 ι-
695 1226 783 1285 Altera
798 1224 922 1297 speciales
938 1225 1107 1295 probationes
1123 1244 1154 1278 ea
1169 1242 1218 1297 ζο-

81 1315 130 1368 teri
157 1312 323 1366 Testamento
350 1311 441 1382 petitas
462 1310 602 1381 proponit:
635 1328 732 1381 nempe
760 1308 891 1363 librorum
916 1309 999 1363 ltloais
1029 1308 1219 1381 antiquitatem,

81 1397 276 1460 auctoritatem,
291 1394 430 1458 miracula.
446 1393 611 1467 prophetias.
626 1409 685 1450 sect.
700 1395 802 1458 3-7.,
817 1393 930 1447 aliorum
946 1393 1009 1448 item
1024 1396 1218 1467 prophetarum

81 1481 271 1555 praedictiones
288 1494 314 1533 et
328 1479 476 1533 mirabilem
493 1498 660 1543 consensum,
685 1494 745 1538 sect.
762 1478 787 1533 8.
825 1479 939 1532 Additur
961 1481 1072 1532 duarum
1093 1479 1219 1546 'adeotatae

40 1570 44 1593 ¹
81 1566 163 1622 Moaia
180 1581 206 1619 et
221 1565 413 1635 Prophetarum
429 1563 511 1616 libros
527 1563 706 1617 obiectionnna
722 1562 852 1626 refutatio,
865 1577 927 1617 sect.
941 1564 961 1617 9
976 1579 1001 1616 et
1018 1566 1059 1620 ll).
1076 1593 1110 1605 -
1125 1561 1219 1617 Tertia

81 1642 112 1706 ea
128 1671 199 1705 novo
216 1649 382 1702 'l'estamento
401 1646 522 1699 collectae
539 1647 642 1700 exhibet
657 1647 842 1718 probationsse
859 1647 1025 1702 laarmoniarn
1041 1648 1219 1713 Evangeliata-

80 1757 141 1793 rum
166 1737 201 1788 de
225 1732 378 1788 coelestibus
401 1730 525 1804 mysteriis
550 1731 741 1794 disserentmm.
766 1730 871 1785 Ioannis
894 1746 920 1784 ct
940 1731 1010 1785 Petri
1034 1731 1165 1804 Paulique
1185 1730 1218 1787 ia

81 1821 219 1877 scribendo
237 1818 409 1879 maiestatem,
432 1817 622 1887 Apoatolornm
645 1816 772 1882 insignem
788 1816 953 1869 vocationem
971 1831 996 1869 et
1012 1815 1087 1870 Pauli
1104 1836 1220 1872 eonver-
1251 1862 1260 1869 .

80 1906 365 1969 sionem‚seee11.-
384 1902 519 1954 Poatrema
536 1902 704 1972 depromptas
721 1921 751 1954 en
769 1900 937 1956 ecelesiastica
955 1899 1061 1955 laiatoria
1077 1900 1220 1973 probau'o-
1246 1904 1262 1960 ,ζ

81 2012 127 2046 nes
143 2000 330 2062 repraesentat:
350 1986 481 2040 Ecclesiae
500 1999 656 2056 perpetuum
678 2004 833 2040 consensum
850 1988 879 2040 in
901 1987 1050 2058 recipienda
1067 2002 1093 2041 ot
1110 2004 1221 2061 eouer-
1234 1990 1262 2045 ’ἔ

81 2077 166 2130 vanda
181 2075 234 2128 nei
250 2072 369 2135 veritate,
393 2069 474 2143 ipsius
491 2070 600 2123 veritatis
620 2083 650 2122 nt
673 2091 702 2123 se
727 2069 811 2141 ipsam
834 2085 951 2125 tueretur
974 2070 1098 2125 invictum
1123 2070 1221 2149 rubr,

80 2160 188 2235 piorum
204 2157 259 2229 (tot
275 2156 361 2209 modia
378 2153 494 2224 alioquin
511 2153 579 2207 inter
594 2173 622 2208 se
633 2154 825 2227 dissidentium)
842 2155 1055 2221 convenientiam.
1071 2152 1236 2234 nonnullo·-

81 2264 142 2299 unm
157 2240 294 2309 illustrium
312 2238 427 2292 virorum
445 2240 523 2311 ¹piam
546 2237 661 2293 eiusdem
686 2238 822 2293 doetrinae
843 2242 1047 2312 professionem,
1070 2254 1220 2315 martyrum

82 2326 195 2398 deniqne
211 2325 380 2379 constantiam
397 2343 504 2377 omnem
521 2323 667 2378 humanum
684 2338 789 2396 captum
805 2341 986 2396 superantem,
1000 2339 1062 2380 sect.
1079 2326 1114 2385 12
1129 2339 1157 2379 et
1173 2326 1221 2384 18.

81 2410 131 2467 flia
147 2408 294 2476 adiungitur
308 2409 468 2464 tractationis
484 2409 626 2464 conclusio.
900 2426 905 2438 ⁴

158 2584 187 2644 1.
225 2578 308 2638 llaec
327 2574 382 2638 nisi
405 2575 551 2638 certitudo
571 2575 646 2638 adsit
669 2576 805 2658 quolibet
829 2577 959 2640 humano
978 2577 1087 2643 iudicio
1107 2588 1140 2639 et
1162 2598 1216 2638 su-

82 2655 184 2737 perior
215 2667 261 2736 et,
275 2652 414 2728 validior,
444 2653 550 2714 l'rostra
570 2653 741 2735 scripturae
772 2656 931 2716 auctoritas
961 2655 1012 2715 vel
1036 2656 1217 2736 argumentis

82 2731 241 2804 munietur,
259 2731 305 2792 vel
326 2729 466 2790 eeclesiae
478 2750 622 2790 consensu
633 2730 806 2806 stabilietur,
825 2732 873 2791 vel
893 2732 958 2793 aliis
978 2733 1128 2812 praesidiis
1140 2750 1217 2791 cou-

82 2806 260 2868 firmabitur:
284 2807 427 2886 siquidem
447 2806 503 2868 nisi
526 2806 584 2867 hoc
608 2807 687 2868 iacto
709 2807 917 2882 fundamento,
942 2826 1079 2889 suspensa
1098 2826 1218 2887 semper

82 2895 192 2945 manet.
242 2884 338 2944 Sicuti
357 2895 476 2960 contra,
510 2883 562 2944 ubi
581 2883 672 2945 semel
691 2885 839 2946 communi
863 2896 944 2947 sorte
964 2898 1125 2965 exemptam
1144 2882 1218 2945 reli-
1259 2940 1262 2947 .

82 2964 166 3045 giose
184 2983 218 3021 ac
238 2981 293 3040 pro
313 2960 455 3042 dignitate
479 2960 602 3041 amplexi
625 2981 739 3036 sumus,
768 2981 844 3041 quae
869 2963 904 3023 ad
925 2962 987 3023 eius
1007 2960 1217 3023 certitudinem
1239 2958 1262 3043 ¹l

82 3037 185 3100 animis
205 3037 313 3098 nostrie
332 3036 516 3097 inserendam
536 3048 567 3098 et
585 3036 763 3120 infigendam
783 3059 845 3099 non
871 3039 945 3100 adeo
964 3037 1120 3113 valebant,
1143 3047 1218 3101 tunt
1230 3022 1262 3165 ,ξ

83 3114 228 3195 aptissima
252 3124 321 3174 sunt
345 3112 527 3175 adminicula.
575 3114 687 3183 Mirum
714 3117 792 3175 enim
817 3128 958 3196 quantum
984 3112 1217 3177 confirmationis
1248 3170 1262 3195 ,p

29 3255 32 3261 ,
83 3212 117 3250 rx
137 3211 173 3252 eo
195 3191 330 3265 accedat,
350 3190 417 3249 dum
438 3187 602 3251 intentiore
621 3190 717 3252 studio
737 3205 904 3273 reputamus
924 3213 1009 3272 quam
1029 3193 1163 3253 ordinata
1184 3200 1218 3253 et
1240 3200 1262 3267 ‚pi

83 3267 221 3347 disposita
242 3267 301 3326 illic
320 3277 459 3347 appareat
483 3265 597 3328 divinae
621 3268 782 3347 sapientiae
809 3270 1004 3349 dispensatio,
1033 3289 1119 3349 qnam
1145 3266 1262 3347 coe-⁴,

83 3344 162 3435 leatip
187 3342 354 3435 ubiqueuet
379 3341 451 3434 nihil
475 3354 625 3403 terrenum
651 3345 787 3435 redolens
801 3346 962 3437 doctrina,
995 3366 1085 3438 puam
1112 3344 1216 3425 pulcra
1247 3386 1262 3429 -ἶ

23 3560 26 3565 ,
83 3422 1069 3576 Ξὲῗὲῗιῗέηἶέἷηῗ““3ἐξὲῗ,ἑῖῑέἃὲἰὲἑ’“ἰὲηὲἒηῖἐῖῗ”ἷ’ἑ..ξ’’ἒέἰὶ
1082 3420 1262 3585 litatis:

82 3573 176 3635 adhuc
208 3573 420 3633 confirmantur
450 3574 540 3633 corda
571 3584 686 3647 nostra,
720 3576 789 3635 dum
814 3574 975 3658 cogitamus
998 3595 1096 3634 rerum
1122 3574 1217 3657 magis
1260 3624 1262 3633 .

83 3648 226 3733 dignitate
245 3669 330 3729 quarn
350 3649 508 3711 verborum
532 3651 640 3731 gratia,
670 3653 701 3711 in
729 3652 791 3713 eius
815 3652 1036 3713 admirationem
1062 3672 1117 3711 nos
1141 3650 1217 3733 rapi.
1260 3644 1262 3655 '

82 3729 157 3788 Nam
178 3737 209 3784 et
233 3725 290 3786 hoc
316 3744 377 3789 non
404 3729 467 3787 sine
494 3728 595 3787 eximia
616 3728 673 3787 Dei
699 3728 885 3808 providentia
905 3728 1014 3789 iactum
1033 3739 1094 3803 est,
1112 3739 1147 3789 nt
1165 3750 1219 3789 sn·

83 3803 182 3865 lrlimia
204 3802 288 3884 regni
307 3803 442 3864 coelestis
460 3804 598 3884 mysteria
622 3805 675 3865 sub
697 3805 911 3887 contemptibili
930 3804 1092 3865 verborum
1118 3804 1219 3865 humi-

82 3880 165 3941 litate
189 3878 268 3940 bona
295 3899 329 3939 ex
352 3891 436 3960 parte
459 3881 661 3942 traderentur:
693 3902 733 3942 ne
761 3885 785 3943 ai
816 3881 1014 3963 splendidiore
1046 3880 1221 3962 eloquentia

82 3957 224 4017 illustrata
244 3957 356 4031 forent,
387 3956 592 4018 cavillarentur
611 3957 709 4039 impii,
733 3959 824 4020 solam
850 3960 911 4019 eins
931 3959 987 4018 vina
1013 3957 1061 4018 hic
1081 3978 1220 4051 regnare.

82 4033 169 4094 Nune
189 4054 278 4113 quum
302 4032 411 4095 inculta
437 4033 486 4095 illa
511 4047 542 4096 et
564 4045 678 4094 tanturn
703 4057 765 4096 non
790 4035 868 4096 rudis
887 4032 1055 4116 simplicitas
1072 4054 1220 4096 maiorem

82 4110 339 4172 sui'reverentiarn
359 4110 466 4171 excitet
486 4131 572 4191 quam
598 4109 658 4173 ulla
682 4113 834 4173 rhetorum
857 4110 1019 4193 facundia,¹
1038 4111 1108 4191 qnid
1138 4109 1221 4171 iudi-

82 4206 151 4249 care
162 4186 240 4265 licet,
260 4188 315 4249 nisi
335 4186 535 4268 potentiorem
547 4186 719 4268 Scripturae
736 4209 834 4250 sacrae
848 4188 909 4248 vim
920 4188 1049 4249 veritatis
1069 4198 1221 4264 constare,

82 4284 170 4345 qnam
191 4276 224 4323 ut
241 4263 399 4326 verborum
418 4276 481 4325 arte
500 4260 649 4346 indigeat?
686 4266 755 4326 Non
776 4286 849 4347 ergo
868 4264 979 4345 absque
998 4265 1114 4326 ratione
1132 4266 1221 4344 Apo·

28 4339 174 4448 nolas
192 4339 232 4418 (l.
252 4340 324 4402 Cor.
344 4349 374 4416 t,
392 4343 438 4417 t.)
456 4339 515 4401 Dei
534 4340 651 4418 virtute,
671 4362 733 4402 non
753 4340 877 4404 humana
894 4340 1046 4423 rapientia,
1065 4340 1220 4405 fundatam
