2596 4726
475 220 552 281 uro.
572 220 612 281 ιι.
652 220 743 307 ιιι).
764 220 801 279 v.
1154 226 1214 290 ιιι

64 366 162 429 neoti
187 376 237 427 est
260 364 339 427 liber
358 366 396 425 de
415 366 529 445 Spiritu
556 377 586 426 et
609 362 710 437 litera,
736 364 787 425 ubi
806 361 904 423 Deum
924 362 1011 443 Legis
1033 384 1104 427 suae
1122 385 1210 447 prae·

65 456 153 523 cepta
179 464 245 503 non
270 440 403 501 humanis
427 444 539 503 viribus
563 442 659 502 metiri
684 443 787 513 docet,
811 462 927 513 verum,
951 444 1002 503 uhi
1025 442 1108 504 iussit
1127 442 1208 523 quod

65 532 182 581 netum
204 530 260 593 est,
279 520 370 601 gratis
390 520 460 579 dare
479 518 619 599 implendi
639 517 806 579 facultatem
826 518 884 577 suis
905 517 1033 579 clectis·
1052 522 1116 580 Nec
1134 540 1208 582 vero
1263 528 1271 555 '

66 596 139 657 haee
158 614 207 657 res
228 594 279 655 lon
302 614 337 655 ae
349 595 568 675 disceptationis
589 607 641 655 est.
679 596 808 653 Primum
831 615 890 654 non
911 595 966 653 soli
985 617 1083 657 sumus
1103 596 1133 655 in
1154 596 1208 657 hac
1287 618 1294 629 ⁸

66 693 172 743 eausa,
203 673 256 733 sed
277 614 413 733 ituit-rus
433 685 464 733 et
482 694 585 733 onrnes
604 670 752 753 Apostoli.
796 670 934 730 Viderint
958 672 1023 746 isti,
1054 674 1207 751 quomodo

66 750 237 829 superiores
262 749 387 808 evadant
411 750 441 809 in
467 750 641 822 certamine,
671 748 752 828 quod
783 768 848 805 cnm
878 746 984 809 talibus
1014 749 1206 829 antagonistis

67 825 240 905 suscipiunt.
288 824 440 899 Christus,
471 827 521 906 qui
549 838 673 885 testatur
691 825 751 902 (10.
773 830 825 893 15,
844 824 888 900 5.)
919 845 974 884 nos
999 824 1063 885 sinc
1082 846 1113 883 se
1134 824 1206 884 nihil

69 922 171 995 posse,
202 922 241 960 an
264 898 334 961 ideo
358 904 452 961 minus
478 902 669 982 reprehendit
694 913 723 961 et
753 904 874 981 castigat
898 920 966 975 eos,
994 902 1044 980 qui
1068 912 1148 960 extra
1174 918 1207 961 se

70 1000 166 1059 aprum
185 977 263 1037 male
288 976 435 1059 agebant?
464 1001 500 1039 an
522 979 588 1039 ideo
609 979 704 1038 minus
724 976 905 1050 exhortatur,
924 988 957 1035 ut
976 979 1099 1067 quisque
1120 976 1234 1037 honis·

71 1054 211 1127 operibus
230 1054 400 1115 incumbat?
438 1055 546 1115 Paulus
593 1076 658 1114 narn
682 1074 783 1113 revere
808 1054 836 1112 in
859 1053 1033 1113 Corinthios
1059 1054 1208 1113 invehitur

73 1130 214 1209 (Rom-9,
232 1134 297 1206 16.)
317 1130 356 1190 oh
377 1132 504 1192 caritatis
525 1076 712 1212 neglectum?
750 1129 856 1189 lisdem
875 1141 973 1189 tamen
993 1129 1111 1189 ἀειιιιιιιι
1130 1129 1207 1190 eari-

76 1220 163 1269 tatem
183 1228 201 1267 a
218 1206 353 1267 Domino
378 1207 440 1267 dari
464 1209 587 1291 flagitat
630 1207 769 1267 Testatur
794 1207 824 1265 in
845 1206 970 1287 epistola
990 1206 1024 1265 ad
1045 1206 1206 1279 Romanos,

76 1304 133 1343 non
152 1302 217 1343 esse
235 1281 362 1343 volentis
383 1304 479 1365 neque
499 1284 653 1358 currentis,
672 1283 723 1343 sed
744 1283 906 1343 miserentis
924 1282 996 1341 Dei:
1018 1303 1078 1341 noo
1099 1282 1208 1343 desinit

78 1372 169 1420 tamen
189 1370 293 1440 postea
313 1372 345 1421 et
363 1360 524 1421 admonere
545 1374 575 1421 et
590 1360 700 1420 hortari
720 1371 751 1418 et
770 1360 929 1438 corripere.
968 1359 1031 1419 Cur
1051 1379 1111 1418 non
1132 1378 1205 1441 ergo

80 1434 235 1497 Dominum
255 1436 463 1515 interpellant,
489 1457 527 1497 ne
547 1442 586 1497 ita
606 1437 686 1496 ludat
706 1456 825 1517 operam
846 1435 883 1495 ah
905 1435 1071 1495 hominibus
1091 1455 1124 1496 ea
1145 1434 1206 1494 exi·

82 1513 186 1595 godo,
216 1532 292 1591 quae
310 1512 390 1573 solus
411 1515 473 1594 ipse
493 1514 563 1573 darc
587 1524 701 1594 potest:
728 1532 762 1572 ea
788 1511 973 1592 castigando,
1003 1529 1077 1590 quas
1096 1510 1208 1594 gratiae

85 1590 136 1649 eins
154 1588 275 1650 detecto
294 1588 507 1651 admittuntur?
546 1589 668 1650 Paulum
694 1610 747 1649 cur
772 1610 833 1648 non
853 1590 1028 1661 admonent,
1052 1600 1086 1648 ut
1106 1597 1208 1667 parcat

86 1664 122 1737 ir,
137 1686 264 1744 quorum
284 1666 314 1725 in
335 1688 422 1726 manu
443 1689 504 1728 non
524 1679 569 1726 est
584 1666 659 1727 velle
678 1678 728 1725 aut
747 1684 875 1739 currere,
895 1668 949 1725 nisi
968 1677 1129 1743 praecunte
1148 1662 1207 1723 Dei

87 1741 290 1814 nisericordia,
316 1764 390 1822 quae
417 1764 496 1804 nunc
523 1748 601 1822 ipsos
622 1743 770 1802 destituit?
810 1741 903 1815 Quasi
922 1760 992 1800 rero
1013 1760 1075 1799 non
1096 1742 1207 1820 optima

59 1868 62 1881 ,
90 1816 224 1878 lorbinac
243 1839 314 1879 suae
338 1819 413 1879 ratio
433 1821 565 1880 Domino
585 1831 717 1892 constet,
743 1837 817 1897 quae
842 1818 871 1876 in
899 1827 1039 1897 promptu
1063 1836 1094 1877 se
1114 1816 1208 1876 ollert

59 1914 63 2003 ἰ
90 1894 239 2031 religipsins
252 1896 637 2032 qraaerenp‘iihps.tDpictripa
658 1907 739 1987 certe
760 1907 789 1953 et
806 1892 1208 2029 prlprtatioepiphpupgatp'o,

136 1992 213 2029 anm
257 1992 321 2032 ers
359 1991 376 2031 c
439 1995 475 2031 an
584 1992 693 2030 nuruum
714 1991 854 2029 rmmuan
877 1992 924 2028 um
971 1989 1002 2028 ιιι
1024 1990 1065 2029 sca
1125 1990 1208 2029 auus

59 2008 66 2123 l
92 1990 281 2125 librantis,
307 1993 474 2129 niequeclpni
495 1995 606 2129 planlat
626 2067 688 2107 esse
709 2047 834 2126 aliquid,
854 2011 951 2125 nequis
971 2045 1021 2125 qui
1041 2046 1128 2127 rigat:
1155 2044 1208 2104 sed

59 2127 64 2194 i
94 2120 252 2195 boninum,
278 2126 328 2205 qui
349 2128 559 2186 incrementum
581 2126 645 2199 dat,
669 2124 765 2184 solum
786 2123 943 2183 efficaciter
962 2140 1050 2204 agere
1069 2122 1110 2199 (Ι.
1133 2124 1206 2183 Cor.

59 2211 63 2241 ¹
94 2204 180 2269 m..
217 2201 270 2262 Sic
296 2203 400 2262 hlosen
432 2222 532 2262 severe
557 2203 687 2260 videmus
712 2200 799 2281 Legis
830 2211 985 2280 praecepta
1013 2200 1145 2273 sancire,
1176 2208 1208 2259 ct

95 2274 159 2355 Prop
178 2287 238 2338 etas
257 2280 364 2339 acriter
383 2280 507 2351 instare,
529 2292 558 2338 et
577 2279 681 2337 minari
700 2276 978 2359 transgressoribus:
1020 2298 1087 2335 uum
1109 2288 1207 2335 tamen

97 2350 239 2427 fateantur,
264 2367 335 2415 tunc
353 2375 455 2435 sapere
475 2356 591 2415 demum
608 2353 757 2427 homines,
783 2354 833 2413 ubi
853 2374 905 2413 cor
924 2352 981 2411 illis
999 2296 1087 2413 llnm
1105 2352 1141 2413 ad
1161 2352 1208 2411 in·

97 2426 145 2487 ut·
162 2430 282 2490 endum:
305 2433 456 2512 proprium
476 2432 533 2491 Dei
555 2453 627 2511 opus
648 2450 725 2505 esse,
744 2432 833 2492 corda
853 2429 1077 2505 circumcidere,
1101 2441 1131 2489 et
1151 2448 1206 2509 prp

63 2562 68 2579 ,
98 2448 196 2596 lapideis
216 2508 287 2567 dare
312 2529 434 2579 carnea,
458 2510 568 2589 Legem
594 2529 673 2567 suam
697 2507 858 2566 inscribere
881 2506 1053 2566 visceribus:
1078 2504 1208 2583 denique

98 2600 185 2643 torma
203 2584 386 2657 innovando,
408 2585 504 2645 lacere
525 2596 557 2643 ut
577 2585 678 2643 efficax
699 2584 737 2642 sit
757 2584 903 2643 doctrina.

153 2666 180 2724 h-
219 2659 371 2734 Quorsum
391 2682 464 2743 ergo
485 2660 717 2721 exhortationes?
737 2680 843 2738 nempe
863 2661 886 2719 si
905 2658 939 2719 ab
953 2658 1046 2738 impiis
1058 2657 1207 2717 obstinato

98 2734 170 2795 orde
186 2750 382 2827 spernuntur,
411 2739 441 2798 in
464 2738 661 2803 testimonium
688 2736 745 2797 illis
772 2736 886 2795 futurae
905 2748 989 2807 sunt,
1018 2733 1069 2794 ubi
1088 2735 1123 2793 ad
1144 2736 1209 2792 Do·

95 2812 152 2871 {iai
174 2814 300 2873 tribunal
326 2826 444 2874 veritum
473 2815 576 2885 luerit,
604 2814 778 2892 quinetiam
804 2814 859 2873 iam
885 2834 963 2870 nrrnc
986 2810 1105 2869 illorum
1136 2832 1209 2869 con·

97 2888 226 2950 scientiam
246 2890 404 2950 verberant
423 2913 455 2950 ac
475 2891 598 2949 lerinnt:
620 2891 697 2968 quia,
717 2902 865 2968 utcunque
885 2888 1005 2945 irrideat
1046 2886 1209 2945 rotervissi·

97 2982 145 3025 Ιιι
161 2967 295 3045 quisque,
314 2967 482 3046 improbare
503 2979 597 3026 tamen
620 2988 678 3025 uon
700 2978 809 3044 potest.
846 2965 905 3023 Sed
927 2964 995 3042 quid
1017 2908 1102 3021 iiriat
1122 2963 1209 3020 miser

98 3036 254 3117 bnuncio,
273 3044 402 3121 inquies,
427 3044 545 3122 quando
567 3045 662 3101 cordis
681 3042 835 3113 mollities,
862 3061 936 3119 quae
955 3040 990 3099 ad
1010 3038 1208 3101 obedientiam

97 3120 237 3180 secessaria
258 3132 331 3194 crat,
350 3120 391 3178 illi
412 3121 592 3199 denegatur?
611 3120 677 3178 lmo
697 3119 765 3197 quid
786 3119 1003 3197 tergiversatur,
1020 3136 1108 3207 puurn
1130 3115 1209 3174 duri-

96 3192 150 3253 tiem
168 3196 240 3256 nulli
260 3198 315 3257 uisi
334 3197 391 3258 sibi
410 3196 464 3276 ipsi
484 3200 627 3276 imputare
668 3196 756 3254 ueati
789 3194 892 3274 Itaque
912 3194 994 3272 impii
1014 3194 1142 3252 libenter
1163 3211 1210 3251 eas

97 3268 198 3331 eludere
218 3274 322 3352 parati,
341 3274 365 3333 si
385 3272 481 3347 liceat,
500 3272 593 3332 velint
611 3218 716 3343 nolint,
738 3291 837 3330 earum
848 3270 954 3330 virtute
975 3279 1210 3349 prosternuntur.

96 3344 239 3429 hecipua
258 3362 356 3409 autern
384 3352 492 3411 utilitas
518 3369 586 3431 erga
611 3348 711 3407 lidcles
736 3346 947 3407 consideranda
969 3358 1028 3423 cst,
1053 3346 1211 3423 inquibus

58 3442 62 3461 ¹
95 3428 230 3485 stomnin
250 3446 305 3505 per
325 3426 465 3505 Spiritum
486 3447 568 3485 suum
587 3426 648 3516 agit
666 3424 829 3497 Dominus,
861 3424 902 3483 ita
921 3422 1003 3481 verbi
1030 3422 1074 3481 sui
1100 3422 1210 3481 instro·
1283 3468 1285 3473 .

96 3515 209 3563 uentum
231 3524 292 3562 non
314 3504 533 3581 praetermittit:
559 3513 590 3560 et
607 3501 679 3560 rllud
700 3502 793 3579 ipstuu
815 3520 876 3559 non
895 3499 958 3559 siue
978 3497 1105 3558 ellicacia
1126 3519 1210 3556 usur-

95 3588 143 3653 pat.
178 3580 246 3639 Stet
266 3600 337 3657 ergo
363 3580 442 3657 quod
463 3576 562 3637 verum
588 3590 646 3649 est,
677 3589 768 3636 totam
800 3578 916 3656 piorum
940 3575 1077 3634 virtutem
1103 3573 1210 3631 inlici

95 3656 171 3732 pratia
189 3660 271 3717 sitam
292 3677 365 3727 esse,
384 3656 543 3716 secundum
563 3654 634 3712 illud
648 3653 815 3732 Prophetae
835 3652 955 3726 dictum,
974 3652 1063 3710 Dabo
1084 3650 1139 3708 illis
1160 3670 1213 3707 cor

96 3748 187 3791 lovum
208 3745 241 3791 ut
261 3734 290 3792 in
312 3734 368 3792 illis
388 3730 862 3808 anrlrulent(Ezeth.11,19.‘20.).
887 3730 979 3807 Atqui
996 3728 1131 3815 arripies,
1150 3726 1212 3783 (jur

58 3840 60 3845 ·
96 3803 143 3865 ian
162 3810 359 3868 admonentur
382 3808 472 3867 ollrcii
505 3809 564 3881 sui,
593 3828 626 3866 ac
653 3825 714 3864 nou
739 3805 837 3883 potius
861 3805 996 3864 sinuntur
1016 3803 1142 3881 Spiritus
1168 3800 1212 3856 di-

96 3886 225 3945 ttctioni'l
255 3907 308 3945 cnr
333 3885 550 3945 hortationibus
576 3883 788 3952 sollicitantur,
819 3882 936 3960 quando
963 3881 1100 3939 festinare
1120 3875 1211 3955 magis

96 3974 244 4039 nequemt,
264 3984 350 4041 quam
370 3960 563 4039 lertSpiritus
583 3959 734 4019 incitatio?
755 3981 808 4017 cur
827 3959 1005 4035 castigantur
1022 3952 1174 4031 siquando
1197 3969 1213 4008 a

95 4034 133 4095 tit
153 4038 350 4109 deflexerunt,
383 4041 500 4117 quando
532 4035 691 4095 necessaria
718 4035 811 4093 carnis
838 4034 1004 4092 inlirruitatc
1031 4029 1102 4109 lapsi
1128 4024 1214 4087 sunt?

96 4110 139 4181 „0
158 4115 263 4187 homo,
293 4118 357 4193 quis
383 4136 428 4183 es,
453 4114 502 4193 qui
533 4113 627 4193 legem
652 4112 784 4189 imponas
804 4109 913 4168 Deme
953 4109 986 4166 Si
1007 4108 1040 4165 ad
1067 4104 1212 4182 recipien-

97 4188 152 4247 dam
173 4190 246 4249 hanc
266 4194 354 4269 ipsam
373 4192 513 4271 gratiam,
533 4212 588 4268 qna
610 4190 693 4246 litut
714 4188 873 4246 hortationi
894 4196 1047 4264 pareatur,
1071 4202 1125 4260 per
1145 4178 1214 4238 hor·

97 4265 227 4325 tationem
246 4268 308 4326 rult
327 4289 380 4327 nos
410 4266 583 4347 rraeparari,
610 4264 689 4342 quid·
704 4263 793 4322 habes
818 4264 899 4341 qnod
925 4262 955 4318 in
980 4280 1014 4319 ea
1040 4256 1214 4317 oeconomia

99 4342 223 4402 mosten
241 4342 288 4403 vel
306 4345 399 4425 suggil
413 4344 464 4403 esi'
512 4342 546 4401 Si
569 4341 641 4401 nihil
667 4330 884 4401 exhortationes
896 4334 1216 4457 *repreliensionesque
